Region,Country,Item Type,Sales Channel,Order Priority,Order Date,Order ID,Ship Date,Units Sold,Unit Price,Unit Cost,Total Revenue,Total Cost,Total Profit
Middle East and North Africa,Algeria,Personal Care,Online,H,2/20/2011,127468717,3/9/2011,9681,81.73,56.67,791228.13,548622.27,242605.86
Sub-Saharan Africa,Mauritius ,Personal Care,Online,C,1/1/2016,118002879,1/7/2016,8529,81.73,56.67,697075.17,483338.43,213736.74
Middle East and North Africa,Israel,Personal Care,Offline,H,8/26/2015,262749040,8/30/2015,2135,81.73,56.67,174493.55,120990.45,53503.1
Australia and Oceania,Fiji,Personal Care,Offline,H,12/17/2016,600370490,1/25/2017,1824,81.73,56.67,149075.52,103366.08,45709.44
Sub-Saharan Africa,Tanzania,Personal Care,Online,M,6/21/2013,400304734,7/29/2013,7921,81.73,56.67,647383.33,448883.07,198500.26
Middle East and North Africa,Qatar,Personal Care,Offline,L,5/6/2012,481065833,5/8/2012,6925,81.73,56.67,565980.25,392439.75,173540.5
Sub-Saharan Africa,Democratic Republic of the Congo,Personal Care,Offline,H,9/30/2010,331604564,11/17/2010,8014,81.73,56.67,654984.22,454153.38,200830.84
Europe,Iceland,Personal Care,Online,M,5/10/2013,641801393,5/24/2013,2149,81.73,56.67,175637.77,121783.83,53853.94
Middle East and North Africa,Israel,Personal Care,Online,M,12/10/2016,173571383,1/11/2017,2484,81.73,56.67,203017.32,140768.28,62249.04
Asia,Uzbekistan,Personal Care,Offline,H,2/12/2013,707520663,3/15/2013,9942,81.73,56.67,812559.66,563413.14,249146.52
Europe,Norway,Personal Care,Online,H,2/3/2011,347163522,3/22/2011,2256,81.73,56.67,184382.88,127847.52,56535.36
Australia and Oceania,Marshall Islands,Personal Care,Offline,L,7/9/2017,803517568,7/21/2017,7559,81.73,56.67,617797.07,428368.53,189428.54
Sub-Saharan Africa,Swaziland,Personal Care,Online,H,7/6/2017,377938973,7/11/2017,9396,81.73,56.67,767935.08,532471.32,235463.76
Sub-Saharan Africa,Ethiopia,Personal Care,Offline,C,1/13/2010,967328870,1/15/2010,2964,81.73,56.67,242247.72,167969.88,74277.84
Sub-Saharan Africa,Nigeria,Personal Care,Offline,H,11/18/2011,823739278,12/29/2011,1612,81.73,56.67,131748.76,91352.04,40396.72
Europe,Moldova ,Personal Care,Offline,H,3/30/2017,604041039,5/15/2017,8022,81.73,56.67,655638.06,454606.74,201031.32
Australia and Oceania,Solomon Islands,Personal Care,Online,H,7/26/2010,363832271,9/12/2010,4909,81.73,56.67,401212.57,278193.03,123019.54
Asia,India,Personal Care,Online,L,12/24/2015,102928006,1/31/2016,7539,81.73,56.67,616162.47,427235.13,188927.34
Europe,Belarus,Personal Care,Offline,H,12/8/2012,642140424,1/16/2013,2476,81.73,56.67,202363.48,140314.92,62048.56
Asia,China,Personal Care,Online,L,9/11/2012,637448060,9/15/2012,3901,81.73,56.67,318828.73,221069.67,97759.06
Asia,Bangladesh,Personal Care,Offline,M,7/26/2010,496941077,7/29/2010,4763,81.73,56.67,389279.99,269919.21,119360.78
Sub-Saharan Africa,Mauritius ,Personal Care,Online,L,2/18/2015,686458671,3/8/2015,7230,81.73,56.67,590907.9,409724.1,181183.8
Sub-Saharan Africa,Cote d'Ivoire,Personal Care,Offline,C,1/3/2016,795000588,1/8/2016,7196,81.73,56.67,588129.08,407797.32,180331.76
Asia,Bangladesh,Personal Care,Online,L,10/15/2016,927232635,11/24/2016,7597,81.73,56.67,620902.81,430521.99,190380.82
Australia and Oceania,Solomon Islands,Personal Care,Offline,H,5/10/2015,517935693,6/16/2015,7536,81.73,56.67,615917.28,427065.12,188852.16
Middle East and North Africa,Tunisia ,Personal Care,Offline,H,11/1/2010,888248336,11/7/2010,1276,81.73,56.67,104287.48,72310.92,31976.56
Australia and Oceania,Marshall Islands,Personal Care,Offline,C,4/13/2013,605825459,5/14/2013,6071,81.73,56.67,496182.83,344043.57,152139.26
Australia and Oceania,New Zealand,Personal Care,Online,L,5/23/2012,109724509,6/16/2012,8775,81.73,56.67,717180.75,497279.25,219901.5
Middle East and North Africa,Israel,Personal Care,Online,L,5/13/2012,290455615,5/28/2012,1126,81.73,56.67,92027.98,63810.42,28217.56
Europe,Ukraine,Personal Care,Offline,M,6/3/2011,185177838,7/4/2011,7092,81.73,56.67,579629.16,401903.64,177725.52
Asia,Taiwan,Personal Care,Offline,H,11/30/2013,865650832,12/31/2013,4173,81.73,56.67,341059.29,236483.91,104575.38
Europe,Finland,Personal Care,Online,L,11/13/2010,409774005,11/27/2010,89,81.73,56.67,7273.97,5043.63,2230.34
Europe,Luxembourg,Personal Care,Offline,C,10/3/2012,418973767,10/27/2012,2503,81.73,56.67,204570.19,141845.01,62725.18
Australia and Oceania,Federated States of Micronesia,Personal Care,Online,M,8/21/2016,421043574,9/7/2016,5005,81.73,56.67,409058.65,283633.35,125425.3
Europe,Finland,Personal Care,Online,M,2/3/2015,841291654,3/20/2015,5751,81.73,56.67,470029.23,325909.17,144120.06
Central America and the Caribbean,El Salvador,Personal Care,Offline,C,1/11/2017,214743077,2/18/2017,6103,81.73,56.67,498798.19,345857.01,152941.18
Sub-Saharan Africa,Democratic Republic of the Congo,Personal Care,Offline,M,5/2/2011,351855885,6/2/2011,830,81.73,56.67,67835.9,47036.1,20799.8
Asia,India,Personal Care,Offline,L,11/5/2013,995529830,12/17/2013,8254,81.73,56.67,674599.42,467754.18,206845.24
Europe,Georgia,Personal Care,Online,C,9/11/2012,226077878,10/23/2012,323,81.73,56.67,26398.79,18304.41,8094.38
Europe,Germany,Personal Care,Offline,C,6/12/2010,285662829,7/13/2010,2834,81.73,56.67,231622.82,160602.78,71020.04
Middle East and North Africa,Somalia,Personal Care,Online,C,3/20/2013,749912869,4/25/2013,4738,81.73,56.67,387236.74,268502.46,118734.28
Central America and the Caribbean,Cuba,Personal Care,Online,L,8/23/2015,928647124,8/30/2015,6176,81.73,56.67,504764.48,349993.92,154770.56
Europe,Armenia,Personal Care,Online,M,7/26/2012,499690234,8/28/2012,8299,81.73,56.67,678277.27,470304.33,207972.94
North America,United States of America,Personal Care,Offline,C,7/16/2010,551057326,8/22/2010,8963,81.73,56.67,732545.99,507933.21,224612.78
Europe,Sweden,Personal Care,Offline,C,12/8/2016,109653699,1/6/2017,7821,81.73,56.67,639210.33,443216.07,195994.26
Europe,Italy,Personal Care,Online,L,3/21/2011,127589738,4/2/2011,5494,81.73,56.67,449024.62,311344.98,137679.64
Asia,Philippines,Personal Care,Online,L,2/19/2013,232155120,3/30/2013,8714,81.73,56.67,712195.22,493822.38,218372.84
Asia,Japan,Personal Care,Offline,M,8/25/2011,885129249,9/3/2011,8269,81.73,56.67,675825.37,468604.23,207221.14
Sub-Saharan Africa,Seychelles ,Personal Care,Online,C,1/17/2011,379710948,1/30/2011,3762,81.73,56.67,307468.26,213192.54,94275.72
Central America and the Caribbean,Saint Lucia,Personal Care,Online,C,4/29/2012,133336961,6/13/2012,6225,81.73,56.67,508769.25,352770.75,155998.5
Asia,Taiwan,Personal Care,Online,M,2/6/2015,672327935,2/6/2015,5631,81.73,56.67,460221.63,319108.77,141112.86
Europe,Czech Republic,Personal Care,Offline,H,8/25/2013,603123080,9/29/2013,6377,81.73,56.67,521192.21,361384.59,159807.62
Europe,Montenegro,Personal Care,Online,M,7/30/2014,431083619,8/10/2014,6077,81.73,56.67,496673.21,344383.59,152289.62
Middle East and North Africa,United Arab Emirates,Personal Care,Online,H,5/21/2015,954259860,6/4/2015,5553,81.73,56.67,453846.69,314688.51,139158.18
Central America and the Caribbean,Dominican Republic,Personal Care,Offline,C,5/5/2016,312404668,6/21/2016,6338,81.73,56.67,518004.74,359174.46,158830.28
Europe,Andorra,Personal Care,Online,M,5/21/2017,692956054,6/23/2017,9950,81.73,56.67,813213.5,563866.5,249347.0
Europe,Moldova ,Personal Care,Online,C,3/28/2013,975002133,4/7/2013,3653,81.73,56.67,298559.69,207015.51,91544.18
Sub-Saharan Africa,Comoros,Personal Care,Online,L,10/24/2010,719362294,12/3/2010,4144,81.73,56.67,338689.12,234840.48,103848.64
Australia and Oceania,Solomon Islands,Personal Care,Offline,M,3/9/2015,532846200,4/20/2015,9886,81.73,56.67,807982.78,560239.62,247743.16
Europe,Norway,Personal Care,Offline,H,6/16/2010,496897733,7/21/2010,1936,81.73,56.67,158229.28,109713.12,48516.16
Europe,Greece,Personal Care,Online,M,8/8/2015,644913613,9/7/2015,3124,81.73,56.67,255324.52,177037.08,78287.44
Central America and the Caribbean,Barbados,Personal Care,Online,C,2/20/2010,921992242,3/4/2010,6848,81.73,56.67,559687.04,388076.16,171610.88
Europe,Finland,Personal Care,Offline,C,5/17/2013,166435849,6/7/2013,921,81.73,56.67,75273.33,52193.07,23080.26
Central America and the Caribbean,Grenada,Personal Care,Online,M,9/26/2010,272016179,11/8/2010,4487,81.73,56.67,366722.51,254278.29,112444.22
Middle East and North Africa,Syria,Personal Care,Offline,C,5/7/2014,219762027,5/28/2014,1322,81.73,56.67,108047.06,74917.74,33129.32
Australia and Oceania,Samoa ,Personal Care,Online,C,4/16/2010,559352862,6/4/2010,3797,81.73,56.67,310328.81,215175.99,95152.82
Sub-Saharan Africa,Cape Verde,Personal Care,Offline,L,7/19/2016,458942115,7/29/2016,25,81.73,56.67,2043.25,1416.75,626.5
Europe,Greece,Personal Care,Offline,H,11/5/2016,947779643,12/5/2016,7913,81.73,56.67,646729.49,448429.71,198299.78
Sub-Saharan Africa,Angola,Personal Care,Online,H,12/13/2010,461768949,12/30/2010,6548,81.73,56.67,535168.04,371075.16,164092.88
Central America and the Caribbean,Honduras,Personal Care,Offline,L,1/16/2013,619670808,2/25/2013,3217,81.73,56.67,262925.41,182307.39,80618.02
Sub-Saharan Africa,Zimbabwe,Personal Care,Offline,L,8/23/2011,147599017,8/28/2011,6684,81.73,56.67,546283.32,378782.28,167501.04
Central America and the Caribbean,Panama,Personal Care,Offline,M,7/19/2010,147047555,9/3/2010,3494,81.73,56.67,285564.62,198004.98,87559.64
Sub-Saharan Africa,Lesotho,Personal Care,Offline,M,6/28/2014,543723094,7/2/2014,8601,81.73,56.67,702959.73,487418.67,215541.06
Europe,Macedonia,Personal Care,Offline,H,2/2/2017,276694810,2/16/2017,8998,81.73,56.67,735406.54,509916.66,225489.88
Asia,Tajikistan,Personal Care,Online,M,7/16/2010,492689454,8/16/2010,6613,81.73,56.67,540480.49,374758.71,165721.78
Sub-Saharan Africa,Uganda,Personal Care,Online,M,11/4/2012,512019383,12/12/2012,6769,81.73,56.67,553230.37,383599.23,169631.14
Middle East and North Africa,Bahrain,Personal Care,Online,C,8/5/2014,502715766,8/17/2014,3621,81.73,56.67,295944.33,205202.07,90742.26
Middle East and North Africa,Tunisia ,Personal Care,Offline,H,11/2/2015,635397565,11/21/2015,7114,81.73,56.67,581427.22,403150.38,178276.84
Asia,Vietnam,Personal Care,Offline,L,6/18/2017,109358012,7/10/2017,321,81.73,56.67,26235.33,18191.07,8044.26
Europe,Germany,Personal Care,Offline,H,8/30/2010,778708636,9/2/2010,6045,81.73,56.67,494057.85,342570.15,151487.7
Sub-Saharan Africa,Lesotho,Personal Care,Offline,C,10/22/2011,579913604,10/23/2011,8177,81.73,56.67,668306.21,463390.59,204915.62
Asia,Indonesia,Personal Care,Online,H,9/10/2011,777840888,10/23/2011,9259,81.73,56.67,756738.07,524707.53,232030.54
Central America and the Caribbean,Panama,Personal Care,Online,H,5/22/2016,606017291,6/12/2016,2838,81.73,56.67,231949.74,160829.46,71120.28
Asia,Maldives,Personal Care,Online,M,10/9/2013,849312102,11/23/2013,9180,81.73,56.67,750281.4,520230.6,230050.8
Sub-Saharan Africa,Swaziland,Personal Care,Offline,H,9/26/2012,890010011,10/14/2012,2595,81.73,56.67,212089.35,147058.65,65030.7
Asia,Indonesia,Personal Care,Offline,H,8/17/2016,334612929,10/3/2016,8256,81.73,56.67,674762.88,467867.52,206895.36
Sub-Saharan Africa,Comoros,Personal Care,Offline,H,12/31/2014,864981782,2/11/2015,6186,81.73,56.67,505581.78,350560.62,155021.16
