Region,Country,Item Type,Sales Channel,Order Priority,Order Date,Order ID,Ship Date,Units Sold,Unit Price,Unit Cost,Total Revenue,Total Cost,Total Profit
Europe,Montenegro,Snacks,Offline,M,2/27/2010,220003211,3/18/2010,2694,152.58,97.44,411050.52,262503.36,148547.16
Australia and Oceania,Federated States of Micronesia,Snacks,Online,C,9/3/2012,531023156,10/15/2012,407,152.58,97.44,62100.06,39658.08,22441.98
Sub-Saharan Africa,Central African Republic,Snacks,Offline,L,11/15/2016,596628272,12/30/2016,4419,152.58,97.44,674251.02,430587.36,243663.66
Asia,Malaysia,Snacks,Offline,M,10/6/2012,175033080,11/5/2012,5033,152.58,97.44,767935.14,490415.52,277519.62
Sub-Saharan Africa,Eritrea,Snacks,Offline,L,1/25/2010,546986377,2/10/2010,4279,152.58,97.44,652889.82,416945.76,235944.06
Sub-Saharan Africa,Rwanda,Snacks,Online,M,3/6/2017,866792809,3/18/2017,2109,152.58,97.44,321791.22,205500.96,116290.26
Europe,Czech Republic,Snacks,Online,C,6/28/2013,887400329,8/17/2013,332,152.58,97.44,50656.56,32350.08,18306.48
Australia and Oceania,Tuvalu,Snacks,Offline,L,3/16/2011,369837844,3/23/2011,2091,152.58,97.44,319044.78,203747.04,115297.74
Europe,Cyprus,Snacks,Offline,H,3/29/2012,584534299,5/18/2012,5544,152.58,97.44,845903.52,540207.36,305696.16
Middle East and North Africa,United Arab Emirates,Snacks,Offline,H,3/20/2011,115309941,4/6/2011,1629,152.58,97.44,248552.82,158729.76,89823.06
Australia and Oceania,Marshall Islands,Snacks,Online,L,1/12/2012,521396386,2/14/2012,1632,152.58,97.44,249010.56,159022.08,89988.48
Europe,Sweden,Snacks,Online,M,4/12/2011,742443025,4/15/2011,4245,152.58,97.44,647702.1,413632.8,234069.3
Sub-Saharan Africa,Gabon,Snacks,Offline,M,10/3/2010,164569461,10/5/2010,8615,152.58,97.44,1314476.7,839445.6,475031.1
Asia,Malaysia,Snacks,Offline,H,3/11/2010,600124156,4/21/2010,8929,152.58,97.44,1362386.82,870041.76,492345.06
Europe,Romania,Snacks,Offline,L,8/28/2014,367050921,8/31/2014,7379,152.58,97.44,1125887.82,719009.76,406878.06
Middle East and North Africa,Oman,Snacks,Offline,M,4/9/2013,887313640,4/21/2013,4679,152.58,97.44,713921.82,455921.76,258000.06
Europe,Serbia,Snacks,Offline,C,9/20/2013,547748982,10/14/2013,9951,152.58,97.44,1518323.58,969625.44,548698.14
Europe,Cyprus,Snacks,Offline,C,3/25/2010,732211148,4/14/2010,6405,152.58,97.44,977274.9,624103.2,353171.7
Sub-Saharan Africa,Cameroon,Snacks,Online,C,7/16/2013,376456248,8/1/2013,624,152.58,97.44,95209.92,60802.56,34407.36
Sub-Saharan Africa,Comoros,Snacks,Offline,L,1/16/2014,858020055,1/17/2014,6056,152.58,97.44,924024.48,590096.64,333927.84
Asia,Myanmar,Snacks,Online,L,6/24/2016,366526925,7/14/2016,2317,152.58,97.44,353527.86,225768.48,127759.38
Australia and Oceania,Palau,Snacks,Offline,M,4/27/2012,509914386,6/11/2012,3853,152.58,97.44,587890.74,375436.32,212454.42
Australia and Oceania,Solomon Islands,Snacks,Offline,L,3/4/2014,251753699,3/24/2014,8369,152.58,97.44,1276942.02,815475.36,461466.66
Sub-Saharan Africa,Djibouti,Snacks,Offline,H,12/22/2012,832713305,2/9/2013,7227,152.58,97.44,1102695.66,704198.88,398496.78
Europe,Czech Republic,Snacks,Online,M,9/19/2010,807678210,10/30/2010,8786,152.58,97.44,1340567.88,856107.84,484460.04
Asia,Thailand,Snacks,Offline,L,1/13/2012,670878255,2/15/2012,6639,152.58,97.44,1012978.62,646904.16,366074.46
Asia,North Korea,Snacks,Online,C,3/13/2017,522371423,4/8/2017,167,152.58,97.44,25480.86,16272.48,9208.38
Europe,Croatia,Snacks,Offline,M,8/19/2013,637521445,9/12/2013,5618,152.58,97.44,857194.44,547417.92,309776.52
Australia and Oceania,Fiji,Snacks,Online,H,3/17/2011,673130881,3/23/2011,3241,152.58,97.44,494511.78,315803.04,178708.74
Central America and the Caribbean,The Bahamas,Snacks,Online,L,4/24/2013,786519229,6/7/2013,7373,152.58,97.44,1124972.34,718425.12,406547.22
Asia,Cambodia,Snacks,Online,C,3/25/2012,990708720,5/4/2012,1581,152.58,97.44,241228.98,154052.64,87176.34
Europe,Armenia,Snacks,Offline,H,10/26/2013,540431916,11/15/2013,4668,152.58,97.44,712243.44,454849.92,257393.52
Middle East and North Africa,Tunisia ,Snacks,Offline,L,7/3/2012,286210000,8/5/2012,4754,152.58,97.44,725365.32,463229.76,262135.56
Sub-Saharan Africa,Cape Verde,Snacks,Offline,C,2/13/2017,228836476,3/13/2017,6653,152.58,97.44,1015114.74,648268.32,366846.42
Europe,Belarus,Snacks,Offline,M,9/7/2012,303691565,10/19/2012,7938,152.58,97.44,1211180.04,773478.72,437701.32
Sub-Saharan Africa,Guinea-Bissau,Snacks,Online,L,8/8/2015,110667788,9/10/2015,7913,152.58,97.44,1207365.54,771042.72,436322.82
Middle East and North Africa,Turkey,Snacks,Offline,H,8/26/2011,708215034,9/13/2011,5421,152.58,97.44,827136.18,528222.24,298913.94
Central America and the Caribbean,Barbados,Snacks,Online,C,9/21/2013,599622905,10/22/2013,597,152.58,97.44,91090.26,58171.68,32918.58
Middle East and North Africa,Kuwait,Snacks,Online,L,10/26/2011,489784085,11/1/2011,6850,152.58,97.44,1045173.0,667464.0,377709.0
Sub-Saharan Africa,Liberia,Snacks,Online,H,9/17/2011,460379779,11/4/2011,5462,152.58,97.44,833391.96,532217.28,301174.68
Europe,Vatican City,Snacks,Offline,C,8/12/2010,283504188,9/2/2010,4044,152.58,97.44,617033.52,394047.36,222986.16
Australia and Oceania,East Timor,Snacks,Offline,C,5/18/2013,351182544,6/22/2013,1574,152.58,97.44,240160.92,153370.56,86790.36
Asia,Bangladesh,Snacks,Online,H,7/31/2013,142553031,9/11/2013,3465,152.58,97.44,528689.7,337629.6,191060.1
Central America and the Caribbean,The Bahamas,Snacks,Offline,H,3/15/2015,768522679,3/27/2015,1794,152.58,97.44,273728.52,174807.36,98921.16
Sub-Saharan Africa,Burundi,Snacks,Offline,M,2/8/2013,353061807,3/5/2013,7689,152.58,97.44,1173187.62,749216.16,423971.46
Middle East and North Africa,Tunisia ,Snacks,Online,H,3/20/2017,177950036,4/29/2017,8225,152.58,97.44,1254970.5,801444.0,453526.5
Europe,Poland,Snacks,Offline,M,7/20/2013,714306008,8/17/2013,7876,152.58,97.44,1201720.08,767437.44,434282.64
Middle East and North Africa,Kuwait,Snacks,Online,H,1/19/2016,465418040,2/26/2016,6396,152.58,97.44,975901.68,623226.24,352675.44
Europe,Hungary,Snacks,Offline,C,6/3/2010,909053695,6/27/2010,8044,152.58,97.44,1227353.52,783807.36,443546.16
Europe,Bosnia and Herzegovina,Snacks,Online,M,6/9/2010,363276517,7/9/2010,449,152.58,97.44,68508.42,43750.56,24757.86
Asia,Bhutan,Snacks,Online,H,6/27/2015,505975615,7/4/2015,8283,152.58,97.44,1263820.14,807095.52,456724.62
Europe,Belgium,Snacks,Online,C,6/11/2014,277070748,7/2/2014,246,152.58,97.44,37534.68,23970.24,13564.44
Sub-Saharan Africa,Burundi,Snacks,Offline,C,5/22/2010,325412309,7/7/2010,5588,152.58,97.44,852617.04,544494.72,308122.32
Europe,Bulgaria,Snacks,Offline,L,8/31/2012,645948302,9/29/2012,9312,152.58,97.44,1420824.96,907361.28,513463.68
Australia and Oceania,East Timor,Snacks,Online,H,12/28/2010,464840400,2/5/2011,5459,152.58,97.44,832934.22,531924.96,301009.26
Central America and the Caribbean,Belize,Snacks,Online,C,6/18/2013,213865458,7/13/2013,6397,152.58,97.44,976054.26,623323.68,352730.58
Asia,South Korea,Snacks,Online,L,5/8/2015,763568961,6/7/2015,5879,152.58,97.44,897017.82,572849.76,324168.06
Central America and the Caribbean,Dominica,Snacks,Offline,L,5/22/2015,590198266,6/1/2015,1637,152.58,97.44,249773.46,159509.28,90264.18
Asia,Vietnam,Snacks,Online,L,7/3/2013,441395747,8/19/2013,7665,152.58,97.44,1169525.7,746877.6,422648.1
Asia,Sri Lanka,Snacks,Offline,L,11/13/2013,860886800,11/23/2013,4390,152.58,97.44,669826.2,427761.6,242064.6
Middle East and North Africa,Iran,Snacks,Offline,H,12/11/2014,875370299,12/28/2014,379,152.58,97.44,57827.82,36929.76,20898.06
Middle East and North Africa,Egypt,Snacks,Offline,C,1/13/2017,596870315,2/18/2017,6045,152.58,97.44,922346.1,589024.8,333321.3
North America,Greenland,Snacks,Offline,L,6/24/2010,977499377,8/12/2010,2643,152.58,97.44,403268.94,257533.92,145735.02
Middle East and North Africa,Syria,Snacks,Offline,L,7/19/2010,770714795,8/26/2010,490,152.58,97.44,74764.2,47745.6,27018.6
Europe,Georgia,Snacks,Online,C,5/24/2010,958840644,6/2/2010,1109,152.58,97.44,169211.22,108060.96,61150.26
Sub-Saharan Africa,Angola,Snacks,Online,C,11/26/2012,480456435,12/16/2012,6591,152.58,97.44,1005654.78,642227.04,363427.74
Australia and Oceania,Vanuatu,Snacks,Offline,L,1/7/2012,364554107,1/18/2012,8516,152.58,97.44,1299371.28,829799.04,469572.24
Central America and the Caribbean,Haiti,Snacks,Offline,H,12/2/2014,351317298,1/14/2015,1450,152.58,97.44,221241.0,141288.0,79953.0
Sub-Saharan Africa,Gabon,Snacks,Online,L,4/16/2016,779897391,5/5/2016,7824,152.58,97.44,1193785.92,762370.56,431415.36
Europe,Poland,Snacks,Offline,L,3/27/2017,733528649,3/30/2017,6283,152.58,97.44,958660.14,612215.52,346444.62
Europe,France,Snacks,Offline,M,2/2/2012,720786225,2/15/2012,5516,152.58,97.44,841631.28,537479.04,304152.24
Europe,Italy,Snacks,Online,L,2/9/2014,580823838,3/21/2014,7536,152.58,97.44,1149842.88,734307.84,415535.04
Sub-Saharan Africa,Liberia,Snacks,Offline,M,7/13/2014,370116364,8/17/2014,4512,152.58,97.44,688440.96,439649.28,248791.68
Europe,Spain,Snacks,Offline,M,2/16/2014,469283854,2/16/2014,376,152.58,97.44,57370.08,36637.44,20732.64
Europe,Netherlands,Snacks,Offline,L,5/22/2017,927766072,6/20/2017,5453,152.58,97.44,832018.74,531340.32,300678.42
Sub-Saharan Africa,Lesotho,Snacks,Offline,M,3/9/2016,461408460,3/15/2016,9872,152.58,97.44,1506269.76,961927.68,544342.08
Central America and the Caribbean,Trinidad and Tobago,Snacks,Offline,L,10/31/2014,723680436,12/20/2014,1978,152.58,97.44,301803.24,192736.32,109066.92
Central America and the Caribbean,Haiti,Snacks,Online,M,2/1/2011,644670712,3/21/2011,1245,152.58,97.44,189962.1,121312.8,68649.3
Asia,Laos,Snacks,Offline,M,1/3/2012,232389438,1/8/2012,8054,152.58,97.44,1228879.32,784781.76,444097.56
Europe,Switzerland,Snacks,Online,H,5/27/2016,359911954,6/23/2016,4800,152.58,97.44,732384.0,467712.0,264672.0
Europe,Monaco,Snacks,Offline,M,12/27/2012,858611428,1/9/2013,1057,152.58,97.44,161277.06,102994.08,58282.98
Middle East and North Africa,Azerbaijan,Snacks,Offline,C,4/18/2010,534085166,4/25/2010,6524,152.58,97.44,995431.92,635698.56,359733.36
