Region,Country,Item Type,Sales Channel,Order Priority,Order Date,Order ID,Ship Date,Units Sold,Unit Price,Unit Cost,Total Revenue,Total Cost,Total Profit
Europe,Greece,Household,Online,C,11/17/2016,702186715,12/22/2016,1508,668.27,502.54,1007751.16,757830.32,249920.84
Sub-Saharan Africa,Senegal,Household,Offline,L,8/27/2012,247802054,9/8/2012,8989,668.27,502.54,6007079.03,4517332.06,1489746.97
Europe,Greece,Household,Online,L,1/5/2012,876286971,2/15/2012,1643,668.27,502.54,1097967.61,825673.22,272294.39
Australia and Oceania,Tonga,Household,Online,M,1/14/2013,671898782,2/6/2013,8635,668.27,502.54,5770511.45,4339432.9,1431078.55
Sub-Saharan Africa,Gabon,Household,Offline,C,11/11/2013,167161977,12/24/2013,5798,668.27,502.54,3874629.46,2913726.92,960902.54
Asia,Taiwan,Household,Online,C,1/23/2017,607261836,2/22/2017,1127,668.27,502.54,753140.29,566362.58,186777.71
Sub-Saharan Africa,Ghana,Household,Offline,L,11/10/2012,529612958,12/11/2012,3098,668.27,502.54,2070300.46,1556868.92,513431.54
Europe,Ireland,Household,Online,M,1/10/2014,468532407,2/11/2014,8006,668.27,502.54,5350169.62,4023335.24,1326834.38
Sub-Saharan Africa,Namibia,Household,Online,H,1/7/2013,382537782,1/27/2013,285,668.27,502.54,190456.95,143223.9,47233.05
Europe,Hungary,Household,Online,L,7/18/2017,306859576,7/19/2017,5423,668.27,502.54,3624028.21,2725274.42,898753.79
Europe,Luxembourg,Household,Online,C,8/15/2014,781253516,9/1/2014,9131,668.27,502.54,6101973.37,4588692.74,1513280.63
Central America and the Caribbean,Belize,Household,Online,M,3/21/2013,560600841,4/14/2013,3101,668.27,502.54,2072305.27,1558376.54,513928.73
Middle East and North Africa,Lebanon,Household,Online,L,3/8/2016,276661765,4/20/2016,9219,668.27,502.54,6160781.13,4632916.26,1527864.87
Europe,United Kingdom,Household,Offline,L,1/28/2015,299921452,2/23/2015,2278,668.27,502.54,1522319.06,1144786.12,377532.94
Australia and Oceania,Papua New Guinea,Household,Offline,L,2/28/2010,157542073,3/15/2010,9055,668.27,502.54,6051184.85,4550499.7,1500685.15
Europe,Spain,Household,Online,C,4/10/2014,331457364,4/23/2014,4455,668.27,502.54,2977142.85,2238815.7,738327.15
Middle East and North Africa,Jordan,Household,Online,M,1/29/2014,371123158,2/9/2014,2445,668.27,502.54,1633920.15,1228710.3,405209.85
Europe,Slovenia,Household,Online,H,12/13/2016,973208701,12/28/2016,2936,668.27,502.54,1962040.72,1475457.44,486583.28
Europe,Liechtenstein,Household,Offline,L,7/25/2011,365560901,9/1/2011,6449,668.27,502.54,4309673.23,3240880.46,1068792.77
Asia,Thailand,Household,Online,H,9/21/2016,352327525,10/27/2016,399,668.27,502.54,266639.73,200513.46,66126.27
Sub-Saharan Africa,Sudan,Household,Online,C,6/28/2013,585917890,7/23/2013,4979,668.27,502.54,3327316.33,2502146.66,825169.67
Australia and Oceania,Papua New Guinea,Household,Online,M,4/27/2016,991644704,5/18/2016,8559,668.27,502.54,5719722.93,4301239.86,1418483.07
Sub-Saharan Africa,Burkina Faso,Household,Online,M,2/28/2011,778490626,3/24/2011,1531,668.27,502.54,1023121.37,769388.74,253732.63
Europe,Andorra,Household,Online,M,11/6/2012,723608338,11/23/2012,642,668.27,502.54,429029.34,322630.68,106398.66
Central America and the Caribbean,Dominican Republic,Household,Offline,H,2/24/2014,621442782,4/14/2014,7584,668.27,502.54,5068159.68,3811263.36,1256896.32
Europe,Ukraine,Household,Offline,M,8/25/2014,498585164,9/29/2014,1285,668.27,502.54,858726.95,645763.9,212963.05
Europe,Cyprus,Household,Offline,L,1/26/2011,718781220,2/19/2011,2191,668.27,502.54,1464179.57,1101065.14,363114.43
Europe,Czech Republic,Household,Online,L,2/27/2010,494525372,3/2/2010,9902,668.27,502.54,6617209.54,4976151.08,1641058.46
Sub-Saharan Africa,South Africa,Household,Offline,H,9/14/2014,494454562,9/22/2014,8948,668.27,502.54,5979679.96,4496727.92,1482952.04
North America,Greenland,Household,Online,L,4/17/2014,192721068,5/20/2014,9302,668.27,502.54,6216247.54,4674627.08,1541620.46
Asia,Malaysia,Household,Online,H,10/18/2013,444358193,10/21/2013,4319,668.27,502.54,2886258.13,2170470.26,715787.87
Europe,Norway,Household,Offline,M,12/23/2016,326714789,1/21/2017,1021,668.27,502.54,682303.67,513093.34,169210.33
Australia and Oceania,New Zealand,Household,Offline,L,3/8/2017,398511302,4/20/2017,7205,668.27,502.54,4814885.35,3620800.7,1194084.65
Europe,Poland,Household,Online,C,6/4/2015,795451629,6/19/2015,668,668.27,502.54,446404.36,335696.72,110707.64
Central America and the Caribbean,Cuba,Household,Offline,L,2/2/2013,576654183,2/3/2013,3642,668.27,502.54,2433839.34,1830250.68,603588.66
Middle East and North Africa,Iran,Household,Offline,L,4/19/2014,668362987,5/13/2014,2315,668.27,502.54,1547045.05,1163380.1,383664.95
Sub-Saharan Africa,Ghana,Household,Online,M,2/26/2013,607080304,4/5/2013,7408,668.27,502.54,4950544.16,3722816.32,1227727.84
Sub-Saharan Africa,Mauritius ,Household,Online,L,9/6/2012,216552817,9/27/2012,1646,668.27,502.54,1099972.42,827180.84,272791.58
Central America and the Caribbean,Saint Kitts and Nevis ,Household,Offline,C,7/11/2010,464626681,7/27/2010,2215,668.27,502.54,1480218.05,1113126.1,367091.95
Central America and the Caribbean,Saint Lucia,Household,Online,H,2/10/2014,539065062,3/10/2014,186,668.27,502.54,124298.22,93472.44,30825.78
Middle East and North Africa,Syria,Household,Online,C,6/17/2015,576700961,7/23/2015,7485,668.27,502.54,5002000.95,3761511.9,1240489.05
Australia and Oceania,Palau,Household,Online,M,6/23/2012,816204202,7/1/2012,1816,668.27,502.54,1213578.32,912612.64,300965.68
Sub-Saharan Africa,Mozambique,Household,Online,C,8/6/2010,717110955,8/9/2010,7922,668.27,502.54,5294034.94,3981121.88,1312913.06
Europe,Georgia,Household,Offline,H,7/4/2012,165380990,7/27/2012,8765,668.27,502.54,5857386.55,4404763.1,1452623.45
Australia and Oceania,Tuvalu,Household,Online,L,9/30/2012,531734263,10/12/2012,840,668.27,502.54,561346.8,422133.6,139213.2
Europe,Poland,Household,Offline,M,6/9/2017,869832932,7/25/2017,1749,668.27,502.54,1168804.23,878942.46,289861.77
Sub-Saharan Africa,Ethiopia,Household,Online,M,6/25/2013,195840156,7/25/2013,2309,668.27,502.54,1543035.43,1160364.86,382670.57
Sub-Saharan Africa,Malawi,Household,Offline,H,2/17/2010,521445310,4/4/2010,6110,668.27,502.54,4083129.7,3070519.4,1012610.3
Asia,Mongolia,Household,Online,C,2/5/2013,428392827,2/5/2013,9812,668.27,502.54,6557065.24,4930922.48,1626142.76
Central America and the Caribbean,Cuba,Household,Offline,H,7/28/2013,714818418,8/24/2013,9509,668.27,502.54,6354579.43,4778652.86,1575926.57
Sub-Saharan Africa,Seychelles ,Household,Online,C,9/28/2013,109694898,10/16/2013,13,668.27,502.54,8687.51,6533.02,2154.49
Europe,Bosnia and Herzegovina,Household,Online,H,10/15/2015,414715278,11/4/2015,2321,668.27,502.54,1551054.67,1166395.34,384659.33
Sub-Saharan Africa,Djibouti,Household,Offline,C,8/26/2013,663065516,9/9/2013,4676,668.27,502.54,3124830.52,2349877.04,774953.48
Sub-Saharan Africa,Tanzania,Household,Offline,C,4/5/2015,128090989,4/27/2015,3825,668.27,502.54,2556132.75,1922215.5,633917.25
Europe,Belarus,Household,Online,M,10/19/2014,410231912,10/24/2014,5594,668.27,502.54,3738302.38,2811208.76,927093.62
Sub-Saharan Africa,Benin,Household,Offline,C,11/26/2016,962186753,1/12/2017,1297,668.27,502.54,866746.19,651794.38,214951.81
Middle East and North Africa,Bahrain,Household,Online,H,6/27/2012,927666509,7/17/2012,5990,668.27,502.54,4002937.3,3010214.6,992722.7
Europe,Monaco,Household,Offline,C,1/17/2016,746434152,2/5/2016,5308,668.27,502.54,3547177.16,2667482.32,879694.84
Sub-Saharan Africa,South Sudan,Household,Offline,H,12/9/2010,606055057,1/23/2011,4014,668.27,502.54,2682435.78,2017195.56,665240.22
Sub-Saharan Africa,Senegal,Household,Online,H,5/7/2016,711141002,6/14/2016,1280,668.27,502.54,855385.6,643251.2,212134.4
Asia,Malaysia,Household,Offline,H,10/3/2011,750253188,11/21/2011,5446,668.27,502.54,3639398.42,2736832.84,902565.58
Sub-Saharan Africa,Angola,Household,Online,L,1/14/2013,576455485,2/13/2013,4843,668.27,502.54,3236431.61,2433801.22,802630.39
Sub-Saharan Africa,Ghana,Household,Online,L,2/17/2015,395563447,3/30/2015,4869,668.27,502.54,3253806.63,2446867.26,806939.37
Middle East and North Africa,Saudi Arabia,Household,Online,M,9/16/2015,430967319,10/5/2015,1661,668.27,502.54,1109996.47,834718.94,275277.53
Sub-Saharan Africa,Tanzania,Household,Offline,C,2/4/2013,278910958,2/4/2013,4805,668.27,502.54,3211037.35,2414704.7,796332.65
Europe,Germany,Household,Offline,H,7/24/2016,611809146,8/1/2016,6777,668.27,502.54,4528865.79,3405713.58,1123152.21
Asia,North Korea,Household,Online,M,7/14/2015,974337804,8/7/2015,7063,668.27,502.54,4719991.01,3549440.02,1170550.99
Europe,Romania,Household,Online,H,12/23/2014,436372077,1/3/2015,1050,668.27,502.54,701683.5,527667.0,174016.5
Australia and Oceania,New Zealand,Household,Offline,H,3/9/2011,905381858,4/8/2011,1466,668.27,502.54,979683.82,736723.64,242960.18
Europe,Austria,Household,Offline,C,4/17/2010,852176702,5/13/2010,6878,668.27,502.54,4596361.06,3456470.12,1139890.94
Sub-Saharan Africa,Angola,Household,Offline,H,4/8/2015,243882596,5/11/2015,9135,668.27,502.54,6104646.45,4590702.9,1513943.55
Australia and Oceania,Papua New Guinea,Household,Online,M,3/14/2012,442214143,5/3/2012,9847,668.27,502.54,6580454.69,4948511.38,1631943.31
Sub-Saharan Africa,Comoros,Household,Online,M,4/22/2012,369681203,5/9/2012,5738,668.27,502.54,3834533.26,2883574.52,950958.74
Europe,Slovenia,Household,Offline,M,4/5/2014,850038230,4/21/2014,4057,668.27,502.54,2711171.39,2038804.78,672366.61
Sub-Saharan Africa,Central African Republic,Household,Online,H,1/10/2010,256994950,2/19/2010,9372,668.27,502.54,6263026.44,4709804.88,1553221.56
Australia and Oceania,Palau,Household,Offline,L,11/1/2016,884216010,11/2/2016,8021,668.27,502.54,5360193.67,4030873.34,1329320.33
Europe,Finland,Household,Offline,L,1/25/2016,289606320,2/14/2016,9801,668.27,502.54,6549714.27,4925394.54,1624319.73
