Region,Country,Item Type,Sales Channel,Order Priority,Order Date,Order ID,Ship Date,Units Sold,Unit Price,Unit Cost,Total Revenue,Total Cost,Total Profit
North America,Greenland,Beverages,Online,M,7/27/2012,414244067,8/7/2012,2880,47.45,31.79,136656.0,91555.2,45100.8
Central America and the Caribbean,Grenada,Beverages,Online,M,1/30/2017,397877871,3/20/2017,9759,47.45,31.79,463064.55,310238.61,152825.94
Sub-Saharan Africa,Senegal,Beverages,Offline,M,10/22/2014,683927953,11/4/2014,8334,47.45,31.79,395448.3,264937.86,130510.44
Middle East and North Africa,Morocco,Beverages,Offline,C,6/1/2017,944415509,6/23/2017,2391,47.45,31.79,113452.95,76009.89,37443.06
Central America and the Caribbean,Jamaica,Beverages,Offline,L,9/4/2010,262056386,10/24/2010,7163,47.45,31.79,339884.35,227711.77,112172.58
Asia,Mongolia,Beverages,Online,M,8/3/2013,329110324,9/2/2013,9913,47.45,31.79,470371.85,315134.27,155237.58
Asia,Laos,Beverages,Online,M,3/22/2013,693473613,4/21/2013,3107,47.45,31.79,147427.15,98771.53,48655.62
Europe,Croatia,Beverages,Online,C,6/16/2016,681941401,7/28/2016,470,47.45,31.79,22301.5,14941.3,7360.2
Europe,Belarus,Beverages,Offline,L,4/3/2013,248335492,4/4/2013,6846,47.45,31.79,324842.7,217634.34,107208.36
Sub-Saharan Africa,Cape Verde,Beverages,Offline,H,10/23/2013,858877503,11/6/2013,9794,47.45,31.79,464725.3,311351.26,153374.04
Central America and the Caribbean,Cuba,Beverages,Offline,C,1/9/2011,890695369,2/23/2011,5408,47.45,31.79,256609.6,171920.32,84689.28
Europe,Montenegro,Beverages,Offline,M,9/4/2011,980612885,9/4/2011,3999,47.45,31.79,189752.55,127128.21,62624.34
Sub-Saharan Africa,Kenya,Beverages,Online,M,5/11/2012,274200570,6/26/2012,897,47.45,31.79,42562.65,28515.63,14047.02
Australia and Oceania,Tonga,Beverages,Offline,L,1/27/2010,812613904,1/29/2010,9367,47.45,31.79,444464.15,297776.93,146687.22
Middle East and North Africa,Egypt,Beverages,Offline,M,9/6/2014,749690568,10/26/2014,8954,47.45,31.79,424867.3,284647.66,140219.64
Europe,Macedonia,Beverages,Online,C,3/20/2011,107005393,5/4/2011,4129,47.45,31.79,195921.05,131260.91,64660.14
Asia,China,Beverages,Offline,C,4/16/2013,332877862,5/7/2013,4811,47.45,31.79,228281.95,152941.69,75340.26
Asia,Japan,Beverages,Online,H,10/18/2012,981086671,11/21/2012,4203,47.45,31.79,199432.35,133613.37,65818.98
Central America and the Caribbean,Trinidad and Tobago,Beverages,Offline,L,7/12/2012,643817985,8/19/2012,8904,47.45,31.79,422494.8,283058.16,139436.64
Europe,Poland,Beverages,Online,L,3/28/2012,221062791,4/18/2012,6247,47.45,31.79,296420.15,198592.13,97828.02
Middle East and North Africa,Israel,Beverages,Offline,C,12/15/2011,608414113,12/23/2011,2111,47.45,31.79,100166.95,67108.69,33058.26
Central America and the Caribbean,Guatemala,Beverages,Offline,H,7/26/2014,812344396,8/30/2014,9614,47.45,31.79,456184.3,305629.06,150555.24
Europe,Denmark,Beverages,Online,C,5/1/2012,328316819,5/30/2012,5098,47.45,31.79,241900.1,162065.42,79834.68
Sub-Saharan Africa,Republic of the Congo,Beverages,Online,L,6/25/2012,732568633,7/5/2012,2193,47.45,31.79,104057.85,69715.47,34342.38
Sub-Saharan Africa,Mali,Beverages,Offline,H,12/21/2012,859909617,1/29/2013,5220,47.45,31.79,247689.0,165943.8,81745.2
Europe,Switzerland,Beverages,Offline,L,2/10/2011,669978749,3/20/2011,455,47.45,31.79,21589.75,14464.45,7125.3
Sub-Saharan Africa,Uganda,Beverages,Online,M,5/10/2012,567614495,6/28/2012,8598,47.45,31.79,407975.1,273330.42,134644.68
Europe,Belgium,Beverages,Offline,M,4/21/2013,978349959,5/21/2013,4349,47.45,31.79,206360.05,138254.71,68105.34
Europe,Slovenia,Beverages,Offline,L,8/10/2014,298015153,8/14/2014,8161,47.45,31.79,387239.45,259438.19,127801.26
Sub-Saharan Africa,Ethiopia,Beverages,Online,C,2/15/2013,875304210,3/12/2013,822,47.45,31.79,39003.9,26131.38,12872.52
Sub-Saharan Africa,Malawi,Beverages,Online,H,1/28/2012,686583554,2/22/2012,4186,47.45,31.79,198625.7,133072.94,65552.76
Australia and Oceania,Marshall Islands,Beverages,Offline,M,8/3/2015,666678130,9/21/2015,3729,47.45,31.79,176941.05,118544.91,58396.14
North America,United States of America,Beverages,Online,L,7/13/2013,799003732,7/14/2013,1815,47.45,31.79,86121.75,57698.85,28422.9
Sub-Saharan Africa,Zimbabwe,Beverages,Offline,L,12/18/2015,567588317,12/26/2015,851,47.45,31.79,40379.95,27053.29,13326.66
Sub-Saharan Africa,Mauritania,Beverages,Online,L,4/19/2011,186196649,5/28/2011,8581,47.45,31.79,407168.45,272789.99,134378.46
Middle East and North Africa,Pakistan,Beverages,Online,L,9/8/2014,275269162,9/15/2014,7117,47.45,31.79,337701.65,226249.43,111452.22
Middle East and North Africa,Israel,Beverages,Online,C,10/23/2014,581990706,11/15/2014,2838,47.45,31.79,134663.1,90220.02,44443.08
Sub-Saharan Africa,Mozambique,Beverages,Online,M,10/14/2014,625283706,10/23/2014,4199,47.45,31.79,199242.55,133486.21,65756.34
Europe,Russia,Beverages,Offline,L,11/15/2015,740760314,11/21/2015,6293,47.45,31.79,298602.85,200054.47,98548.38
Sub-Saharan Africa,Mali,Beverages,Online,L,8/13/2013,254291713,8/15/2013,9424,47.45,31.79,447168.8,299588.96,147579.84
North America,Canada,Beverages,Online,C,4/16/2016,694687259,6/2/2016,2252,47.45,31.79,106857.4,71591.08,35266.32
Middle East and North Africa,Iraq,Beverages,Online,L,12/4/2014,515007579,1/11/2015,1042,47.45,31.79,49442.9,33125.18,16317.72
Asia,Kazakhstan,Beverages,Online,H,2/5/2013,467986953,2/17/2013,6594,47.45,31.79,312885.3,209623.26,103262.04
Europe,Denmark,Beverages,Offline,C,6/15/2015,537578904,7/9/2015,399,47.45,31.79,18932.55,12684.21,6248.34
Sub-Saharan Africa,Angola,Beverages,Offline,H,10/23/2014,141259562,11/11/2014,698,47.45,31.79,33120.1,22189.42,10930.68
Europe,Vatican City,Beverages,Offline,M,4/4/2016,237660729,4/30/2016,7946,47.45,31.79,377037.7,252603.34,124434.36
Europe,Poland,Beverages,Offline,L,11/20/2011,769464671,12/24/2011,550,47.45,31.79,26097.5,17484.5,8613.0
Asia,Malaysia,Beverages,Offline,L,5/13/2015,860232770,6/4/2015,848,47.45,31.79,40237.6,26957.92,13279.68
Sub-Saharan Africa,Namibia,Beverages,Offline,H,8/14/2012,554045522,9/20/2012,3237,47.45,31.79,153595.65,102904.23,50691.42
Europe,Andorra,Beverages,Offline,H,6/25/2013,989691627,7/10/2013,600,47.45,31.79,28470.0,19074.0,9396.0
Sub-Saharan Africa,Niger,Beverages,Online,C,10/25/2013,742141759,10/28/2013,5093,47.45,31.79,241662.85,161906.47,79756.38
Asia,Kyrgyzstan,Beverages,Online,C,4/3/2010,393693625,4/9/2010,1547,47.45,31.79,73405.15,49179.13,24226.02
Sub-Saharan Africa,Liberia,Beverages,Online,L,5/19/2014,285884702,6/10/2014,8491,47.45,31.79,402897.95,269928.89,132969.06
Middle East and North Africa,Morocco,Beverages,Offline,C,8/28/2012,632093942,9/5/2012,9499,47.45,31.79,450727.55,301973.21,148754.34
Europe,Czech Republic,Beverages,Online,H,4/18/2011,296438443,4/19/2011,1578,47.45,31.79,74876.1,50164.62,24711.48
Asia,Brunei,Beverages,Online,L,3/16/2012,668365561,5/4/2012,3077,47.45,31.79,146003.65,97817.83,48185.82
Europe,Estonia,Beverages,Online,L,10/28/2011,373048341,12/12/2011,2149,47.45,31.79,101970.05,68316.71,33653.34
Asia,North Korea,Beverages,Online,C,9/14/2016,752716100,10/12/2016,4276,47.45,31.79,202896.2,135934.04,66962.16
Sub-Saharan Africa,Mozambique,Beverages,Online,C,12/20/2014,376547658,12/26/2014,7675,47.45,31.79,364178.75,243988.25,120190.5
Europe,Russia,Beverages,Offline,C,1/6/2010,515616118,2/5/2010,1122,47.45,31.79,53238.9,35668.38,17570.52
Australia and Oceania,Vanuatu,Beverages,Offline,M,11/8/2015,293258845,11/14/2015,664,47.45,31.79,31506.8,21108.56,10398.24
Sub-Saharan Africa,South Sudan,Beverages,Online,C,8/9/2010,683184659,8/23/2010,8377,47.45,31.79,397488.65,266304.83,131183.82
Asia,Tajikistan,Beverages,Online,M,2/17/2017,866004025,3/4/2017,8691,47.45,31.79,412387.95,276286.89,136101.06
Europe,Estonia,Beverages,Offline,H,5/28/2010,985092818,7/17/2010,9711,47.45,31.79,460786.95,308712.69,152074.26
Europe,Latvia,Beverages,Online,M,6/2/2016,447917163,6/24/2016,7497,47.45,31.79,355732.65,238329.63,117403.02
Sub-Saharan Africa,Lesotho,Beverages,Offline,L,3/2/2010,670613467,3/21/2010,8282,47.45,31.79,392980.9,263284.78,129696.12
Europe,Ireland,Beverages,Offline,L,4/4/2017,607190167,5/18/2017,9919,47.45,31.79,470656.55,315325.01,155331.54
Sub-Saharan Africa,South Sudan,Beverages,Online,L,9/23/2011,806298053,10/24/2011,366,47.45,31.79,17366.7,11635.14,5731.56
Australia and Oceania,East Timor,Beverages,Online,C,6/5/2015,179970920,6/25/2015,6249,47.45,31.79,296515.05,198655.71,97859.34
Central America and the Caribbean,Haiti,Beverages,Online,C,11/8/2011,106753051,11/14/2011,9455,47.45,31.79,448639.75,300574.45,148065.3
Middle East and North Africa,Libya,Beverages,Offline,H,2/4/2011,854095017,3/4/2011,4550,47.45,31.79,215897.5,144644.5,71253.0
Europe,Italy,Beverages,Offline,H,8/30/2013,419124829,9/19/2013,7206,47.45,31.79,341924.7,229078.74,112845.96
Australia and Oceania,Marshall Islands,Beverages,Offline,H,10/14/2013,185342633,11/24/2013,5859,47.45,31.79,278009.55,186257.61,91751.94
Sub-Saharan Africa,Malawi,Beverages,Offline,L,9/4/2016,474178349,9/26/2016,8766,47.45,31.79,415946.7,278671.14,137275.56
Central America and the Caribbean,Saint Vincent and the Grenadines,Beverages,Offline,C,1/9/2017,917834603,1/13/2017,6510,47.45,31.79,308899.5,206952.9,101946.6
Sub-Saharan Africa,Nigeria,Beverages,Online,L,1/25/2011,960085189,2/13/2011,9397,47.45,31.79,445887.65,298730.63,147157.02
Middle East and North Africa,Tunisia ,Beverages,Online,L,2/27/2014,377502095,3/3/2014,114,47.45,31.79,5409.3,3624.06,1785.24
Europe,Serbia,Beverages,Online,H,4/18/2015,682489430,5/23/2015,2644,47.45,31.79,125457.8,84052.76,41405.04
Europe,Croatia,Beverages,Online,M,12/26/2013,989119565,1/6/2014,1315,47.45,31.79,62396.75,41803.85,20592.9
Asia,Laos,Beverages,Online,H,8/17/2014,315254676,9/8/2014,9719,47.45,31.79,461166.55,308967.01,152199.54
Asia,Singapore,Beverages,Offline,L,2/12/2010,936042296,3/17/2010,4571,47.45,31.79,216893.95,145312.09,71581.86
Europe,Serbia,Beverages,Offline,H,2/27/2016,791975486,3/20/2016,2001,47.45,31.79,94947.45,63611.79,31335.66
Middle East and North Africa,Bahrain,Beverages,Online,L,6/24/2015,953554761,7/28/2015,6899,47.45,31.79,327357.55,219319.21,108038.34
Europe,Montenegro,Beverages,Offline,L,12/1/2014,532324779,1/3/2015,5586,47.45,31.79,265055.7,177578.94,87476.76
Asia,Myanmar,Beverages,Online,H,9/20/2011,644772422,10/26/2011,1343,47.45,31.79,63725.35,42693.97,21031.38
Middle East and North Africa,Turkey,Beverages,Online,C,5/2/2011,860952031,5/13/2011,3693,47.45,31.79,175232.85,117400.47,57832.38
Europe,Albania,Beverages,Online,L,7/19/2010,531693494,8/6/2010,8775,47.45,31.79,416373.75,278957.25,137416.5
Australia and Oceania,East Timor,Beverages,Offline,L,12/6/2014,275632226,1/18/2015,4556,47.45,31.79,216182.2,144835.24,71346.96
Asia,North Korea,Beverages,Online,C,8/16/2013,829352176,8/26/2013,2594,47.45,31.79,123085.3,82463.26,40622.04
Europe,United Kingdom,Beverages,Offline,C,7/31/2016,219607102,8/13/2016,5477,47.45,31.79,259883.65,174113.83,85769.82
Middle East and North Africa,Somalia,Beverages,Online,M,4/22/2010,942700612,6/6/2010,4915,47.45,31.79,233216.75,156247.85,76968.9
Asia,Bhutan,Beverages,Offline,M,8/5/2014,554707705,9/19/2014,9192,47.45,31.79,436160.4,292213.68,143946.72
Asia,Tajikistan,Beverages,Offline,C,9/11/2014,337022197,9/22/2014,1212,47.45,31.79,57509.4,38529.48,18979.92
Middle East and North Africa,Bahrain,Beverages,Online,C,9/4/2010,133276879,10/17/2010,8445,47.45,31.79,400715.25,268466.55,132248.7
Asia,Mongolia,Beverages,Offline,M,4/23/2014,270611131,5/24/2014,8702,47.45,31.79,412909.9,276636.58,136273.32
Middle East and North Africa,Lebanon,Beverages,Online,M,6/21/2013,296320855,7/13/2013,6781,47.45,31.79,321758.45,215567.99,106190.46
Middle East and North Africa,Bahrain,Beverages,Offline,M,2/28/2017,886628711,3/31/2017,1993,47.45,31.79,94567.85,63357.47,31210.38
Sub-Saharan Africa,Burundi,Beverages,Online,C,12/8/2011,312559163,12/16/2011,2057,47.45,31.79,97604.65,65392.03,32212.62
Australia and Oceania,Fiji,Beverages,Offline,H,4/19/2016,448817956,4/22/2016,4062,47.45,31.79,192741.9,129130.98,63610.92
Sub-Saharan Africa,Mali,Beverages,Online,L,3/17/2012,410452497,3/26/2012,870,47.45,31.79,41281.5,27657.3,13624.2
Europe,Switzerland,Beverages,Offline,L,2/18/2017,682831895,3/16/2017,3987,47.45,31.79,189183.15,126746.73,62436.42
