Region,Country,Item Type,Sales Channel,Order Priority,Order Date,Order ID,Ship Date,Units Sold,Unit Price,Unit Cost,Total Revenue,Total Cost,Total Profit
Europe,Estonia,Office Supplies,Online,H,4/25/2016,405997025,5/12/2016,2397,651.21,524.96,1560950.37,1258329.12,302621.25
Central America and the Caribbean,Honduras,Office Supplies,Online,H,6/30/2015,499009597,7/9/2015,6884,651.21,524.96,4482929.64,3613824.64,869105.0
Sub-Saharan Africa,Equatorial Guinea,Office Supplies,Online,M,5/2/2010,211114585,5/14/2010,2352,651.21,524.96,1531645.92,1234705.92,296940.0
Sub-Saharan Africa,Swaziland,Office Supplies,Offline,H,10/3/2013,405785882,10/22/2013,9915,651.21,524.96,6456747.15,5204978.4,1251768.75
Europe,Belarus,Office Supplies,Online,L,1/11/2011,759279143,2/18/2011,6426,651.21,524.96,4184675.46,3373392.96,811282.5
Sub-Saharan Africa,Guinea-Bissau,Office Supplies,Offline,C,5/21/2014,133766114,6/12/2014,3221,651.21,524.96,2097547.41,1690896.16,406651.25
Sub-Saharan Africa,Equatorial Guinea,Office Supplies,Offline,L,4/3/2015,901712167,4/17/2015,5523,651.21,524.96,3596632.83,2899354.08,697278.75
Asia,Uzbekistan,Office Supplies,Offline,L,3/10/2012,276595246,3/15/2012,9535,651.21,524.96,6209287.35,5005493.6,1203793.75
Europe,Italy,Office Supplies,Online,M,1/26/2011,812295901,2/13/2011,5263,651.21,524.96,3427318.23,2762864.48,664453.75
Europe,Portugal,Office Supplies,Online,L,6/27/2014,535654580,7/29/2014,949,651.21,524.96,617998.29,498187.04,119811.25
Europe,Romania,Office Supplies,Offline,C,1/6/2013,810871112,1/8/2013,3636,651.21,524.96,2367799.56,1908754.56,459045.0
Sub-Saharan Africa,Central African Republic,Office Supplies,Offline,C,4/18/2014,668599021,5/12/2014,2163,651.21,524.96,1408567.23,1135488.48,273078.75
Europe,Austria,Office Supplies,Online,L,5/12/2011,285341823,6/8/2011,7841,651.21,524.96,5106137.61,4116211.36,989926.25
Europe,United Kingdom,Office Supplies,Online,M,5/20/2014,350274455,6/14/2014,2850,651.21,524.96,1855948.5,1496136.0,359812.5
North America,United States of America,Office Supplies,Online,C,6/9/2017,811701095,7/19/2017,9247,651.21,524.96,6021738.87,4854305.12,1167433.75
Sub-Saharan Africa,Swaziland,Office Supplies,Online,H,9/5/2015,229571187,9/18/2015,4071,651.21,524.96,2651075.91,2137112.16,513963.75
Europe,Portugal,Office Supplies,Online,L,8/19/2015,956433522,9/12/2015,8788,651.21,524.96,5722833.48,4613348.48,1109485.0
Europe,Poland,Office Supplies,Offline,M,4/9/2015,358099639,4/29/2015,8496,651.21,524.96,5532680.16,4460060.16,1072620.0
Asia,Vietnam,Office Supplies,Online,H,8/16/2016,606970441,9/16/2016,4897,651.21,524.96,3188975.37,2570729.12,618246.25
Middle East and North Africa,Bahrain,Office Supplies,Offline,L,5/14/2012,554154527,5/15/2012,5494,651.21,524.96,3577747.74,2884130.24,693617.5
Middle East and North Africa,Iraq,Office Supplies,Online,C,9/30/2011,887927329,10/2/2011,6283,651.21,524.96,4091552.43,3298323.68,793228.75
Sub-Saharan Africa,Lesotho,Office Supplies,Online,H,8/14/2012,946759974,9/14/2012,6170,651.21,524.96,4017965.7,3239003.2,778962.5
Europe,Georgia,Office Supplies,Offline,L,3/13/2013,749282443,3/25/2013,8180,651.21,524.96,5326897.8,4294172.8,1032725.0
Europe,Estonia,Office Supplies,Online,C,2/23/2011,280571782,3/11/2011,6280,651.21,524.96,4089598.8,3296748.8,792850.0
Sub-Saharan Africa,Chad,Office Supplies,Offline,C,9/17/2011,364818465,10/16/2011,6746,651.21,524.96,4393062.66,3541380.16,851682.5
Middle East and North Africa,Morocco,Office Supplies,Online,C,3/8/2014,167882096,3/31/2014,8898,651.21,524.96,5794466.58,4671094.08,1123372.5
Sub-Saharan Africa,Burkina Faso,Office Supplies,Offline,M,5/15/2016,971377074,5/15/2016,917,651.21,524.96,597159.57,481388.32,115771.25
Sub-Saharan Africa,Mozambique,Office Supplies,Online,M,6/14/2012,132082116,7/22/2012,4888,651.21,524.96,3183114.48,2566004.48,617110.0
Central America and the Caribbean,Cuba,Office Supplies,Offline,H,7/2/2017,256243503,7/23/2017,7002,651.21,524.96,4559772.42,3675769.92,884002.5
Asia,South Korea,Office Supplies,Offline,M,7/26/2015,312927377,9/7/2015,1020,651.21,524.96,664234.2,535459.2,128775.0
Central America and the Caribbean,Costa Rica,Office Supplies,Online,H,6/20/2010,953293836,7/22/2010,9685,651.21,524.96,6306968.85,5084237.6,1222731.25
Central America and the Caribbean,Costa Rica,Office Supplies,Offline,C,2/4/2015,666424071,3/4/2015,8547,651.21,524.96,5565891.87,4486833.12,1079058.75
Europe,Czech Republic,Office Supplies,Online,L,2/24/2010,731972110,4/15/2010,5668,651.21,524.96,3691058.28,2975473.28,715585.0
Asia,Vietnam,Office Supplies,Offline,C,7/26/2016,332839667,7/27/2016,3509,651.21,524.96,2285095.89,1842084.64,443011.25
Europe,Austria,Office Supplies,Offline,C,2/2/2014,979165780,2/10/2014,5768,651.21,524.96,3756179.28,3027969.28,728210.0
Asia,Tajikistan,Office Supplies,Offline,C,9/1/2010,366630351,10/12/2010,2923,651.21,524.96,1903486.83,1534458.08,369028.75
Europe,Portugal,Office Supplies,Online,C,5/17/2011,770508801,6/25/2011,9532,651.21,524.96,6207333.72,5003918.72,1203415.0
Europe,Austria,Office Supplies,Online,L,3/23/2017,141977107,4/18/2017,3036,651.21,524.96,1977073.56,1593778.56,383295.0
Sub-Saharan Africa,Sudan,Office Supplies,Online,H,3/9/2016,800084340,4/21/2016,1591,651.21,524.96,1036075.11,835211.36,200863.75
Middle East and North Africa,Yemen,Office Supplies,Offline,C,12/9/2013,936574876,1/9/2014,2173,651.21,524.96,1415079.33,1140738.08,274341.25
Europe,Macedonia,Office Supplies,Offline,H,9/24/2014,382206475,10/13/2014,2244,651.21,524.96,1461315.24,1178010.24,283305.0
Australia and Oceania,Vanuatu,Office Supplies,Online,L,3/1/2016,402646195,3/28/2016,812,651.21,524.96,528782.52,426267.52,102515.0
Europe,Lithuania,Office Supplies,Offline,M,2/4/2014,816696012,2/16/2014,7353,651.21,524.96,4788347.13,3860030.88,928316.25
Europe,Albania,Office Supplies,Offline,M,8/31/2011,476436126,10/15/2011,6892,651.21,524.96,4488139.32,3618024.32,870115.0
Europe,Germany,Office Supplies,Offline,L,12/9/2013,703693473,1/12/2014,7391,651.21,524.96,4813093.11,3879979.36,933113.75
Asia,Laos,Office Supplies,Offline,M,8/31/2015,588200986,10/15/2015,598,651.21,524.96,389423.58,313926.08,75497.5
Europe,Ukraine,Office Supplies,Online,H,1/24/2016,346045577,2/20/2016,1431,651.21,524.96,931881.51,751217.76,180663.75
Central America and the Caribbean,Saint Kitts and Nevis ,Office Supplies,Online,M,6/27/2017,408834159,7/18/2017,1968,651.21,524.96,1281581.28,1033121.28,248460.0
Sub-Saharan Africa,South Sudan,Office Supplies,Online,C,7/19/2012,673573338,7/20/2012,4174,651.21,524.96,2718150.54,2191183.04,526967.5
Middle East and North Africa,Azerbaijan,Office Supplies,Offline,M,12/14/2015,888670623,12/16/2015,6240,651.21,524.96,4063550.4,3275750.4,787800.0
Europe,Belgium,Office Supplies,Offline,C,2/10/2017,146263062,2/16/2017,1345,651.21,524.96,875877.45,706071.2,169806.25
Asia,Taiwan,Office Supplies,Offline,L,9/20/2016,196587741,10/28/2016,3536,651.21,524.96,2302678.56,1856258.56,446420.0
Central America and the Caribbean,Antigua and Barbuda ,Office Supplies,Offline,M,2/22/2015,363329732,2/22/2015,6197,651.21,524.96,4035548.37,3253177.12,782371.25
Sub-Saharan Africa,Liberia,Office Supplies,Offline,C,9/24/2014,459112060,10/12/2014,316,651.21,524.96,205782.36,165887.36,39895.0
Asia,China,Office Supplies,Online,C,9/30/2015,893779695,11/7/2015,8128,651.21,524.96,5293034.88,4266874.88,1026160.0
Europe,Netherlands,Office Supplies,Online,M,6/22/2010,944635236,7/27/2010,7413,651.21,524.96,4827419.73,3891528.48,935891.25
Central America and the Caribbean,Trinidad and Tobago,Office Supplies,Offline,L,10/26/2015,659798800,12/2/2015,7982,651.21,524.96,5197958.22,4190230.72,1007727.5
Sub-Saharan Africa,Botswana,Office Supplies,Online,C,1/5/2013,256158959,1/18/2013,1983,651.21,524.96,1291349.43,1040995.68,250353.75
Asia,Bangladesh,Office Supplies,Offline,C,10/28/2015,210409057,12/4/2015,3570,651.21,524.96,2324819.7,1874107.2,450712.5
Sub-Saharan Africa,Benin,Office Supplies,Online,C,2/21/2011,547143447,2/23/2011,760,651.21,524.96,494919.6,398969.6,95950.0
Middle East and North Africa,Lebanon,Office Supplies,Online,L,11/20/2013,572550618,11/25/2013,9306,651.21,524.96,6060160.26,4885277.76,1174882.5
Sub-Saharan Africa,Seychelles ,Office Supplies,Offline,C,4/14/2010,611816871,5/16/2010,9063,651.21,524.96,5901916.23,4757712.48,1144203.75
Europe,Iceland,Office Supplies,Online,C,10/26/2013,879107797,11/2/2013,6388,651.21,524.96,4159929.48,3353444.48,806485.0
Sub-Saharan Africa,Kenya,Office Supplies,Offline,L,3/19/2016,234825313,3/23/2016,8883,651.21,524.96,5784698.43,4663219.68,1121478.75
Europe,Spain,Office Supplies,Offline,C,1/12/2017,141812741,1/24/2017,4396,651.21,524.96,2862719.16,2307724.16,554995.0
Central America and the Caribbean,Guatemala,Office Supplies,Offline,C,3/27/2010,320368897,4/2/2010,3131,651.21,524.96,2038938.51,1643649.76,395288.75
Sub-Saharan Africa,Ethiopia,Office Supplies,Online,L,12/19/2016,169754493,1/20/2017,2982,651.21,524.96,1941908.22,1565430.72,376477.5
Asia,Sri Lanka,Office Supplies,Online,C,8/12/2011,630048596,9/3/2011,4236,651.21,524.96,2758525.56,2223730.56,534795.0
Middle East and North Africa,Iran,Office Supplies,Online,L,8/1/2015,816632068,9/19/2015,8431,651.21,524.96,5490351.51,4425937.76,1064413.75
Asia,Malaysia,Office Supplies,Online,C,7/7/2014,560608565,8/24/2014,5387,651.21,524.96,3508068.27,2827959.52,680108.75
Sub-Saharan Africa,Ghana,Office Supplies,Offline,L,11/29/2013,109228837,12/7/2013,2095,651.21,524.96,1364284.95,1099791.2,264493.75
Middle East and North Africa,Qatar,Office Supplies,Online,H,6/28/2012,343239343,7/13/2012,1004,651.21,524.96,653814.84,527059.84,126755.0
Middle East and North Africa,Egypt,Office Supplies,Online,M,8/23/2010,950427091,9/14/2010,1352,651.21,524.96,880435.92,709745.92,170690.0
Sub-Saharan Africa,Niger,Office Supplies,Offline,M,12/8/2013,940904176,1/7/2014,3309,651.21,524.96,2154853.89,1737092.64,417761.25
Central America and the Caribbean,Saint Vincent and the Grenadines,Office Supplies,Offline,H,12/10/2015,136931979,12/13/2015,70,651.21,524.96,45584.7,36747.2,8837.5
Sub-Saharan Africa,Sierra Leone,Office Supplies,Online,C,3/24/2012,361137616,4/18/2012,7501,651.21,524.96,4884726.21,3937724.96,947001.25
Central America and the Caribbean,Cuba,Office Supplies,Online,C,12/22/2014,511349046,1/2/2015,8401,651.21,524.96,5470815.21,4410188.96,1060626.25
Europe,Ireland,Office Supplies,Offline,M,2/27/2012,343699395,4/2/2012,7144,651.21,524.96,4652244.24,3750314.24,901930.0
Sub-Saharan Africa,Ghana,Office Supplies,Offline,L,3/2/2015,634153020,3/11/2015,8826,651.21,524.96,5747579.46,4633296.96,1114282.5
Asia,Maldives,Office Supplies,Online,H,4/4/2010,989928519,4/11/2010,702,651.21,524.96,457149.42,368521.92,88627.5
Asia,Turkmenistan,Office Supplies,Offline,M,11/24/2016,143657672,1/8/2017,352,651.21,524.96,229225.92,184785.92,44440.0
Sub-Saharan Africa,Chad,Office Supplies,Online,H,6/25/2014,444540584,8/2/2014,8292,651.21,524.96,5399833.32,4352968.32,1046865.0
Middle East and North Africa,Jordan,Office Supplies,Offline,M,10/22/2013,285509622,10/28/2013,7497,651.21,524.96,4882121.37,3935625.12,946496.25
Europe,France,Office Supplies,Offline,H,5/29/2016,459212481,6/16/2016,33,651.21,524.96,21489.93,17323.68,4166.25
Middle East and North Africa,Algeria,Office Supplies,Online,C,10/26/2015,352176463,12/5/2015,5696,651.21,524.96,3709292.16,2990172.16,719120.0
Asia,Bhutan,Office Supplies,Offline,M,10/19/2011,221007430,11/10/2011,9865,651.21,524.96,6424186.65,5178730.4,1245456.25
Middle East and North Africa,Egypt,Office Supplies,Online,C,11/18/2010,841138446,12/8/2010,413,651.21,524.96,268949.73,216808.48,52141.25
Middle East and North Africa,Yemen,Office Supplies,Offline,M,8/18/2013,105558288,8/19/2013,5898,651.21,524.96,3840836.58,3096214.08,744622.5
Sub-Saharan Africa,Democratic Republic of the Congo,Office Supplies,Online,C,2/4/2013,328856265,2/12/2013,4732,651.21,524.96,3081525.72,2484110.72,597415.0
