Region,Country,Item Type,Sales Channel,Order Priority,Order Date,Order ID,Ship Date,Units Sold,Unit Price,Unit Cost,Total Revenue,Total Cost,Total Profit
Middle East and North Africa,Libya,Baby Food,Offline,C,10/31/2016,246222341,12/9/2016,1517,255.28,159.42,387259.76,241840.14,145419.62
Europe,Greece,Baby Food,Offline,M,4/8/2014,294499957,4/8/2014,7937,255.28,159.42,2026157.36,1265316.54,760840.82
Europe,Sweden,Baby Food,Online,L,8/7/2016,689975583,8/12/2016,7963,255.28,159.42,2032794.64,1269461.46,763333.18
Sub-Saharan Africa,Niger,Baby Food,Online,M,1/3/2016,123670709,2/1/2016,5766,255.28,159.42,1471944.48,919215.72,552728.76
Europe,Luxembourg,Baby Food,Offline,L,8/2/2013,817740142,8/19/2013,6335,255.28,159.42,1617198.8,1009925.7,607273.1
Asia,Philippines,Baby Food,Online,L,2/23/2014,160127294,3/23/2014,4079,255.28,159.42,1041287.12,650274.18,391012.94
Asia,Bangladesh,Baby Food,Online,H,8/17/2011,254927718,9/7/2011,7632,255.28,159.42,1948296.96,1216693.44,731603.52
Asia,Vietnam,Baby Food,Online,C,6/20/2011,881974112,7/11/2011,4594,255.28,159.42,1172756.32,732375.48,440380.84
Sub-Saharan Africa,South Africa,Baby Food,Online,L,12/29/2013,734945714,2/12/2014,5624,255.28,159.42,1435694.72,896578.08,539116.64
Europe,Germany,Baby Food,Online,L,11/13/2015,618474757,12/31/2015,9279,255.28,159.42,2368743.12,1479258.18,889484.94
Europe,Bulgaria,Baby Food,Online,M,5/16/2014,479880082,5/23/2014,6035,255.28,159.42,1540614.8,962099.7,578515.1
Asia,Brunei,Baby Food,Online,H,8/12/2015,510978686,9/30/2015,8803,255.28,159.42,2247229.84,1403374.26,843855.58
Europe,Estonia,Baby Food,Offline,C,1/1/2011,462085664,1/15/2011,271,255.28,159.42,69180.88,43202.82,25978.06
Europe,Czech Republic,Baby Food,Online,C,7/2/2010,817824685,7/27/2010,1353,255.28,159.42,345393.84,215695.26,129698.58
Middle East and North Africa,Iran,Baby Food,Offline,H,12/11/2014,700620734,1/5/2015,8099,255.28,159.42,2067512.72,1291142.58,776370.14
North America,United States of America,Baby Food,Offline,C,2/13/2015,984673964,3/5/2015,5763,255.28,159.42,1471178.64,918737.46,552441.18
Europe,Andorra,Baby Food,Online,L,1/18/2011,373335015,2/28/2011,6982,255.28,159.42,1782364.96,1113070.44,669294.52
Sub-Saharan Africa,Niger,Baby Food,Online,H,3/8/2017,298856723,4/3/2017,7200,255.28,159.42,1838016.0,1147824.0,690192.0
Europe,Belgium,Baby Food,Offline,L,11/8/2016,901573550,12/23/2016,4503,255.28,159.42,1149525.84,717868.26,431657.58
Middle East and North Africa,Libya,Baby Food,Offline,M,12/10/2016,635122907,12/13/2016,5837,255.28,159.42,1490069.36,930534.54,559534.82
Asia,South Korea,Baby Food,Online,L,11/21/2013,780282342,12/27/2013,1739,255.28,159.42,443931.92,277231.38,166700.54
Middle East and North Africa,Afghanistan,Baby Food,Online,M,7/8/2012,767401731,7/30/2012,80,255.28,159.42,20422.4,12753.6,7668.8
Sub-Saharan Africa,Ghana,Baby Food,Offline,L,8/6/2010,251466166,9/8/2010,3282,255.28,159.42,837828.96,523216.44,314612.52
Sub-Saharan Africa,Seychelles ,Baby Food,Online,M,2/18/2016,349157369,4/5/2016,2279,255.28,159.42,581783.12,363318.18,218464.94
Middle East and North Africa,Somalia,Baby Food,Online,L,1/24/2014,236911857,2/25/2014,6338,255.28,159.42,1617964.64,1010403.96,607560.68
Middle East and North Africa,Yemen,Baby Food,Online,C,10/11/2014,482649838,11/13/2014,5668,255.28,159.42,1446927.04,903592.56,543334.48
Middle East and North Africa,Israel,Baby Food,Offline,M,9/19/2015,212058293,10/6/2015,1616,255.28,159.42,412532.48,257622.72,154909.76
Sub-Saharan Africa,Central African Republic,Baby Food,Online,L,1/31/2012,945717132,2/13/2012,7570,255.28,159.42,1932469.6,1206809.4,725660.2
North America,Greenland,Baby Food,Offline,C,7/8/2014,360945355,8/16/2014,607,255.28,159.42,154954.96,96767.94,58187.02
Sub-Saharan Africa,Rwanda,Baby Food,Offline,M,11/3/2014,723090350,11/27/2014,7358,255.28,159.42,1878350.24,1173012.36,705337.88
Central America and the Caribbean,Grenada,Baby Food,Online,M,6/23/2013,641018617,6/30/2013,508,255.28,159.42,129682.24,80985.36,48696.88
Central America and the Caribbean,Guatemala,Baby Food,Offline,H,2/8/2012,576264083,3/14/2012,8203,255.28,159.42,2094061.84,1307722.26,786339.58
Asia,Japan,Baby Food,Offline,L,3/16/2016,823699796,4/19/2016,9929,255.28,159.42,2534675.12,1582881.18,951793.94
Europe,Luxembourg,Baby Food,Offline,H,6/30/2011,393620669,8/2/2011,9958,255.28,159.42,2542078.24,1587504.36,954573.88
Australia and Oceania,New Zealand,Baby Food,Offline,L,7/20/2014,680533778,7/25/2014,3923,255.28,159.42,1001463.44,625404.66,376058.78
North America,Greenland,Baby Food,Offline,H,3/19/2011,313044536,4/14/2011,5689,255.28,159.42,1452287.92,906940.38,545347.54
Sub-Saharan Africa,Djibouti,Baby Food,Online,H,7/12/2015,109956681,7/24/2015,7480,255.28,159.42,1909494.4,1192461.6,717032.8
Europe,Sweden,Baby Food,Online,M,6/21/2015,935371100,7/6/2015,5949,255.28,159.42,1518660.72,948389.58,570271.14
Asia,Thailand,Baby Food,Online,H,3/26/2015,155128943,5/5/2015,4957,255.28,159.42,1265422.96,790244.94,475178.02
Central America and the Caribbean,The Bahamas,Baby Food,Online,C,1/11/2013,300476777,2/28/2013,6610,255.28,159.42,1687400.8,1053766.2,633634.6
Sub-Saharan Africa,Malawi,Baby Food,Online,M,12/28/2011,792729079,1/17/2012,5006,255.28,159.42,1277931.68,798056.52,479875.16
Sub-Saharan Africa,Zimbabwe,Baby Food,Offline,M,8/21/2014,308170640,10/10/2014,3395,255.28,159.42,866675.6,541230.9,325444.7
Europe,Moldova ,Baby Food,Online,M,8/11/2014,798688733,9/18/2014,8600,255.28,159.42,2195408.0,1371012.0,824396.0
Sub-Saharan Africa,Guinea,Baby Food,Offline,C,9/21/2014,738199555,9/21/2014,8508,255.28,159.42,2171922.24,1356345.36,815576.88
Sub-Saharan Africa,Democratic Republic of the Congo,Baby Food,Offline,L,2/25/2013,559299647,3/26/2013,8049,255.28,159.42,2054748.72,1283171.58,771577.14
Central America and the Caribbean,Panama,Baby Food,Online,M,4/30/2010,375630986,6/2/2010,6411,255.28,159.42,1636600.08,1022041.62,614558.46
Sub-Saharan Africa,South Sudan,Baby Food,Online,C,11/9/2012,473527753,12/29/2012,6240,255.28,159.42,1592947.2,994780.8,598166.4
Australia and Oceania,Kiribati,Baby Food,Offline,L,8/15/2010,280749452,10/1/2010,8856,255.28,159.42,2260759.68,1411823.52,848936.16
Middle East and North Africa,Turkey,Baby Food,Online,M,4/26/2014,224287021,5/17/2014,368,255.28,159.42,93943.04,58666.56,35276.48
Asia,Kazakhstan,Baby Food,Offline,H,10/16/2010,166066348,12/5/2010,1578,255.28,159.42,402831.84,251564.76,151267.08
Europe,Kosovo,Baby Food,Online,L,7/18/2011,177901113,8/13/2011,3747,255.28,159.42,956534.16,597346.74,359187.42
Middle East and North Africa,Egypt,Baby Food,Offline,M,9/8/2015,939787089,9/9/2015,2739,255.28,159.42,699211.92,436651.38,262560.54
Sub-Saharan Africa,Swaziland,Baby Food,Offline,M,9/25/2013,151807725,9/29/2013,2134,255.28,159.42,544767.52,340202.28,204565.24
Asia,Sri Lanka,Baby Food,Online,H,10/19/2010,306889617,10/21/2010,4312,255.28,159.42,1100767.36,687419.04,413348.32
Europe,Belarus,Baby Food,Online,L,5/17/2016,370222795,6/11/2016,6007,255.28,159.42,1533466.96,957635.94,575831.02
Asia,Malaysia,Baby Food,Offline,L,11/14/2010,783596694,12/24/2010,2530,255.28,159.42,645858.4,403332.6,242525.8
Sub-Saharan Africa,Mali,Baby Food,Offline,M,3/2/2016,431535089,3/19/2016,9677,255.28,159.42,2470344.56,1542707.34,927637.22
Europe,Spain,Baby Food,Online,M,5/10/2014,641129338,5/14/2014,3273,255.28,159.42,835531.44,521781.66,313749.78
Europe,Poland,Baby Food,Online,H,8/14/2013,445178306,9/22/2013,7008,255.28,159.42,1789002.24,1117215.36,671786.88
Sub-Saharan Africa,Nigeria,Baby Food,Online,L,2/3/2012,238414323,2/27/2012,951,255.28,159.42,242771.28,151608.42,91162.86
Sub-Saharan Africa,Djibouti,Baby Food,Online,C,9/11/2013,402084004,10/5/2013,4447,255.28,159.42,1135230.16,708940.74,426289.42
Sub-Saharan Africa,Djibouti,Baby Food,Offline,H,5/17/2012,958912742,6/28/2012,2444,255.28,159.42,623904.32,389622.48,234281.84
Central America and the Caribbean,Haiti,Baby Food,Offline,L,11/9/2013,327585113,11/23/2013,8569,255.28,159.42,2187494.32,1366069.98,821424.34
Asia,Kyrgyzstan,Baby Food,Online,L,1/24/2013,671939122,2/14/2013,573,255.28,159.42,146275.44,91347.66,54927.78
Sub-Saharan Africa,Burundi,Baby Food,Online,H,1/4/2016,659845149,1/29/2016,1698,255.28,159.42,433465.44,270695.16,162770.28
Sub-Saharan Africa,Zambia,Baby Food,Offline,H,5/17/2011,830923306,6/5/2011,7526,255.28,159.42,1921237.28,1199794.92,721442.36
Middle East and North Africa,Bahrain,Baby Food,Online,M,2/21/2011,195833718,4/7/2011,404,255.28,159.42,103133.12,64405.68,38727.44
Europe,Albania,Baby Food,Online,L,12/23/2011,585823476,1/6/2012,7040,255.28,159.42,1797171.2,1122316.8,674854.4
Europe,Norway,Baby Food,Offline,L,9/7/2010,887180173,10/18/2010,5183,255.28,159.42,1323116.24,826273.86,496842.38
Sub-Saharan Africa,Chad,Baby Food,Offline,H,8/9/2016,579379737,8/26/2016,194,255.28,159.42,49524.32,30927.48,18596.84
Sub-Saharan Africa,Niger,Baby Food,Online,L,2/4/2015,184170186,2/17/2015,8906,255.28,159.42,2273523.68,1419794.52,853729.16
Sub-Saharan Africa,Gabon,Baby Food,Online,L,2/1/2012,249237573,2/21/2012,3791,255.28,159.42,967766.48,604361.22,363405.26
Central America and the Caribbean,Guatemala,Baby Food,Offline,L,11/30/2010,547528827,12/15/2010,4802,255.28,159.42,1225854.56,765534.84,460319.72
Asia,Malaysia,Baby Food,Offline,M,12/16/2016,677394092,12/29/2016,4820,255.28,159.42,1230449.6,768404.4,462045.2
Europe,Albania,Baby Food,Online,L,9/28/2015,474222981,10/26/2015,1973,255.28,159.42,503667.44,314535.66,189131.78
Middle East and North Africa,Algeria,Baby Food,Online,L,4/8/2013,265929067,5/23/2013,3175,255.28,159.42,810514.0,506158.5,304355.5
Asia,Cambodia,Baby Food,Offline,C,1/2/2012,556738889,1/25/2012,264,255.28,159.42,67393.92,42086.88,25307.04
Europe,Russia,Baby Food,Offline,L,3/10/2015,775724732,3/20/2015,3041,255.28,159.42,776306.48,484796.22,291510.26
Europe,Belarus,Baby Food,Offline,H,10/26/2010,444604098,10/31/2010,7088,255.28,159.42,1809424.64,1129968.96,679455.68
Europe,Norway,Baby Food,Offline,H,8/17/2016,328236997,9/10/2016,1476,255.28,159.42,376793.28,235303.92,141489.36
Middle East and North Africa,Oman,Baby Food,Online,M,9/8/2015,218629920,10/20/2015,6307,255.28,159.42,1610050.96,1005461.94,604589.02
Middle East and North Africa,Oman,Baby Food,Offline,C,2/13/2016,242024362,3/17/2016,9242,255.28,159.42,2359297.76,1473359.64,885938.12
Sub-Saharan Africa,Lesotho,Baby Food,Online,L,6/6/2013,960486018,7/4/2013,8012,255.28,159.42,2045303.36,1277273.04,768030.32
Europe,Andorra,Baby Food,Offline,C,12/12/2016,206435525,1/27/2017,7714,255.28,159.42,1969229.92,1229765.88,739464.04
North America,Mexico,Baby Food,Online,H,8/17/2013,434355056,9/28/2013,4168,255.28,159.42,1064007.04,664462.56,399544.48
Australia and Oceania,Samoa ,Baby Food,Online,L,11/5/2016,584072101,11/5/2016,8769,255.28,159.42,2238550.32,1397953.98,840596.34
Europe,Georgia,Baby Food,Offline,H,8/1/2011,590768182,9/7/2011,288,255.28,159.42,73520.64,45912.96,27607.68
