Region,Country,Item Type,Sales Channel,Order Priority,Order Date,Order ID,Ship Date,Units Sold,Unit Price,Unit Cost,Total Revenue,Total Cost,Total Profit
Europe,Montenegro,Clothes,Offline,M,5/17/2012,208630645,6/28/2012,7299,109.28,35.84,797634.72,261596.16,536038.56
Sub-Saharan Africa,Togo,Clothes,Online,M,12/29/2015,451010930,1/19/2016,3012,109.28,35.84,329151.36,107950.08,221201.28
Europe,Montenegro,Clothes,Offline,H,6/28/2010,448685348,7/22/2010,4820,109.28,35.84,526729.6,172748.8,353980.8
Sub-Saharan Africa,Cape Verde,Clothes,Online,C,9/8/2014,821912801,10/3/2014,1117,109.28,35.84,122065.76,40033.28,82032.48
Europe,Bulgaria,Clothes,Online,L,8/27/2010,880999934,9/16/2010,6313,109.28,35.84,689884.64,226257.92,463626.72
Asia,Mongolia,Clothes,Online,L,12/12/2015,770478332,1/24/2016,515,109.28,35.84,56279.2,18457.6,37821.6
Sub-Saharan Africa,Botswana,Clothes,Offline,C,3/8/2015,680517470,3/25/2015,9097,109.28,35.84,994120.16,326036.48,668083.68
Sub-Saharan Africa,Kenya,Clothes,Offline,M,1/3/2013,262770926,2/8/2013,8611,109.28,35.84,941010.08,308618.24,632391.84
Europe,Montenegro,Clothes,Offline,M,7/14/2016,734526431,8/2/2016,1549,109.28,35.84,169274.72,55516.16,113758.56
Central America and the Caribbean,El Salvador,Clothes,Offline,L,8/7/2010,238714301,9/13/2010,9721,109.28,35.84,1062310.88,348400.64,713910.24
Sub-Saharan Africa,Niger,Clothes,Online,M,9/2/2015,835054767,10/9/2015,117,109.28,35.84,12785.76,4193.28,8592.48
North America,United States of America,Clothes,Offline,C,10/21/2010,699368035,12/7/2010,7398,109.28,35.84,808453.44,265144.32,543309.12
Middle East and North Africa,Somalia,Clothes,Offline,M,11/15/2011,414887797,11/17/2011,3374,109.28,35.84,368710.72,120924.16,247786.56
Europe,United Kingdom,Clothes,Offline,C,9/19/2015,284870612,10/7/2015,8399,109.28,35.84,917842.72,301020.16,616822.56
Central America and the Caribbean,Cuba,Clothes,Offline,H,2/16/2011,466970717,3/18/2011,5867,109.28,35.84,641145.76,210273.28,430872.48
Europe,Estonia,Clothes,Online,C,6/16/2016,902424991,7/4/2016,6463,109.28,35.84,706276.64,231633.92,474642.72
Middle East and North Africa,Lebanon,Clothes,Offline,H,12/6/2015,310343015,12/28/2015,6249,109.28,35.84,682890.72,223964.16,458926.56
Europe,Romania,Clothes,Offline,C,12/31/2010,867551982,1/3/2011,6765,109.28,35.84,739279.2,242457.6,496821.6
North America,Mexico,Clothes,Online,H,11/18/2012,654693591,12/1/2012,7237,109.28,35.84,790859.36,259374.08,531485.28
Europe,Slovakia,Clothes,Online,L,4/11/2013,782857692,5/28/2013,3843,109.28,35.84,419963.04,137733.12,282229.92
Europe,Bulgaria,Clothes,Online,L,3/5/2013,403836238,4/3/2013,2972,109.28,35.84,324780.16,106516.48,218263.68
Sub-Saharan Africa,Guinea-Bissau,Clothes,Online,L,3/31/2014,406275975,5/10/2014,4944,109.28,35.84,540280.32,177192.96,363087.36
Europe,Switzerland,Clothes,Offline,H,3/23/2012,745783555,5/9/2012,2782,109.28,35.84,304016.96,99706.88,204310.08
Europe,Norway,Clothes,Online,H,4/7/2010,126767909,5/22/2010,2296,109.28,35.84,250906.88,82288.64,168618.24
Sub-Saharan Africa,Uganda,Clothes,Offline,C,2/13/2012,851652705,3/27/2012,1816,109.28,35.84,198452.48,65085.44,133367.04
Asia,Uzbekistan,Clothes,Online,C,11/11/2010,432995069,12/13/2010,1718,109.28,35.84,187743.04,61573.12,126169.92
Sub-Saharan Africa,Equatorial Guinea,Clothes,Offline,H,3/20/2011,661953580,4/24/2011,5629,109.28,35.84,615137.12,201743.36,413393.76
Central America and the Caribbean,Dominican Republic,Clothes,Online,H,12/9/2013,263080346,12/14/2013,175,109.28,35.84,19124.0,6272.0,12852.0
Europe,Switzerland,Clothes,Offline,H,6/9/2017,763920438,7/10/2017,9888,109.28,35.84,1080560.64,354385.92,726174.72
Australia and Oceania,Samoa ,Clothes,Offline,M,7/22/2015,847999322,8/6/2015,699,109.28,35.84,76386.72,25052.16,51334.56
Australia and Oceania,Fiji,Clothes,Online,H,2/1/2017,605373561,3/2/2017,2344,109.28,35.84,256152.32,84008.96,172143.36
Middle East and North Africa,Qatar,Clothes,Offline,L,1/3/2015,675079667,1/7/2015,9930,109.28,35.84,1085150.4,355891.2,729259.2
Central America and the Caribbean,Dominican Republic,Clothes,Offline,L,12/26/2010,716849601,12/31/2010,582,109.28,35.84,63600.96,20858.88,42742.08
Europe,Iceland,Clothes,Offline,H,10/7/2012,312117135,10/16/2012,1251,109.28,35.84,136709.28,44835.84,91873.44
Middle East and North Africa,Turkey,Clothes,Online,C,6/28/2016,914391076,8/4/2016,7494,109.28,35.84,818944.32,268584.96,550359.36
Asia,Bhutan,Clothes,Online,M,7/12/2012,147119653,8/9/2012,4829,109.28,35.84,527713.12,173071.36,354641.76
Middle East and North Africa,United Arab Emirates,Clothes,Offline,C,6/23/2012,556480538,8/7/2012,3812,109.28,35.84,416575.36,136622.08,279953.28
North America,Greenland,Clothes,Online,H,10/20/2015,509214437,11/2/2015,6722,109.28,35.84,734580.16,240916.48,493663.68
Europe,Ukraine,Clothes,Online,C,8/5/2015,105117976,9/9/2015,5600,109.28,35.84,611968.0,200704.0,411264.0
Europe,Ireland,Clothes,Online,C,3/17/2012,526834189,5/2/2012,799,109.28,35.84,87314.72,28636.16,58678.56
Europe,Monaco,Clothes,Offline,M,7/26/2012,404010903,9/4/2012,4659,109.28,35.84,509135.52,166978.56,342156.96
Sub-Saharan Africa,Swaziland,Clothes,Offline,M,3/10/2014,844997823,4/26/2014,2488,109.28,35.84,271888.64,89169.92,182718.72
Europe,Latvia,Clothes,Online,M,9/6/2012,551371467,9/15/2012,1925,109.28,35.84,210364.0,68992.0,141372.0
Middle East and North Africa,Pakistan,Clothes,Offline,M,6/28/2010,450849997,7/21/2010,5388,109.28,35.84,588800.64,193105.92,395694.72
Sub-Saharan Africa,Madagascar,Clothes,Offline,H,5/22/2017,958937633,7/5/2017,9810,109.28,35.84,1072036.8,351590.4,720446.4
Australia and Oceania,Solomon Islands,Clothes,Offline,M,8/9/2014,647278249,9/16/2014,2873,109.28,35.84,313961.44,102968.32,210993.12
Europe,Netherlands,Clothes,Online,H,3/13/2011,339256370,3/31/2011,2354,109.28,35.84,257245.12,84367.36,172877.76
Sub-Saharan Africa,Namibia,Clothes,Online,L,11/27/2012,584204280,1/1/2013,7884,109.28,35.84,861563.52,282562.56,579000.96
Central America and the Caribbean,Costa Rica,Clothes,Offline,H,4/17/2014,568944442,4/24/2014,2158,109.28,35.84,235826.24,77342.72,158483.52
Sub-Saharan Africa,Guinea-Bissau,Clothes,Online,L,6/18/2015,867360150,7/1/2015,9998,109.28,35.84,1092581.44,358328.32,734253.12
North America,Greenland,Clothes,Online,L,1/28/2011,851299941,2/1/2011,7425,109.28,35.84,811404.0,266112.0,545292.0
Middle East and North Africa,Lebanon,Clothes,Offline,H,9/18/2014,749258840,11/5/2014,1196,109.28,35.84,130698.88,42864.64,87834.24
Sub-Saharan Africa,Niger,Clothes,Offline,M,1/10/2012,201730287,2/19/2012,5330,109.28,35.84,582462.4,191027.2,391435.2
Middle East and North Africa,Pakistan,Clothes,Offline,C,1/29/2011,693159472,2/5/2011,146,109.28,35.84,15954.88,5232.64,10722.24
Sub-Saharan Africa,Cote d'Ivoire,Clothes,Online,H,6/8/2010,706399714,7/19/2010,8228,109.28,35.84,899155.84,294891.52,604264.32
Middle East and North Africa,Somalia,Clothes,Online,C,1/27/2011,801590669,3/15/2011,7347,109.28,35.84,802880.16,263316.48,539563.68
Middle East and North Africa,Kuwait,Clothes,Offline,C,7/9/2016,837407815,7/20/2016,6436,109.28,35.84,703326.08,230666.24,472659.84
Europe,Albania,Clothes,Offline,C,1/14/2015,980459678,2/9/2015,8661,109.28,35.84,946474.08,310410.24,636063.84
Europe,Monaco,Clothes,Online,L,10/31/2015,166013562,11/26/2015,5957,109.28,35.84,650980.96,213498.88,437482.08
Europe,Romania,Clothes,Offline,L,4/4/2011,968554103,4/8/2011,5537,109.28,35.84,605083.36,198446.08,406637.28
Asia,Taiwan,Clothes,Offline,M,10/13/2013,769651782,11/3/2013,5921,109.28,35.84,647046.88,212208.64,434838.24
Middle East and North Africa,Afghanistan,Clothes,Online,C,12/5/2016,446991050,1/16/2017,3440,109.28,35.84,375923.2,123289.6,252633.6
Australia and Oceania,Kiribati,Clothes,Offline,M,2/16/2017,891271722,2/22/2017,5963,109.28,35.84,651636.64,213713.92,437922.72
Australia and Oceania,Fiji,Clothes,Offline,L,12/1/2011,257890164,12/29/2011,4285,109.28,35.84,468264.8,153574.4,314690.4
Europe,Vatican City,Clothes,Offline,C,4/11/2010,907513463,4/19/2010,2256,109.28,35.84,246535.68,80855.04,165680.64
Sub-Saharan Africa,Republic of the Congo,Clothes,Online,H,7/29/2012,542669522,9/11/2012,6826,109.28,35.84,745945.28,244643.84,501301.44
Central America and the Caribbean,Antigua and Barbuda ,Clothes,Offline,C,8/9/2013,336116683,9/4/2013,3251,109.28,35.84,355269.28,116515.84,238753.44
Central America and the Caribbean,Cuba,Clothes,Offline,L,4/2/2014,985665738,5/19/2014,9250,109.28,35.84,1010840.0,331520.0,679320.0
Middle East and North Africa,Afghanistan,Clothes,Offline,C,1/13/2017,551136291,1/13/2017,2331,109.28,35.84,254731.68,83543.04,171188.64
Sub-Saharan Africa,Sao Tome and Principe,Clothes,Online,H,8/10/2015,669355189,9/26/2015,5930,109.28,35.84,648030.4,212531.2,435499.2
Asia,Maldives,Clothes,Offline,M,12/11/2016,801213872,1/28/2017,5844,109.28,35.84,638632.32,209448.96,429183.36
Middle East and North Africa,Iraq,Clothes,Offline,L,10/25/2010,191256368,11/9/2010,5864,109.28,35.84,640817.92,210165.76,430652.16
Middle East and North Africa,Qatar,Clothes,Offline,C,11/22/2011,687875735,12/2/2011,6571,109.28,35.84,718078.88,235504.64,482574.24
Central America and the Caribbean,Saint Kitts and Nevis ,Clothes,Offline,H,9/8/2013,872412145,9/25/2013,4995,109.28,35.84,545853.6,179020.8,366832.8
Asia,Brunei,Clothes,Offline,H,8/6/2011,612573039,8/9/2011,2830,109.28,35.84,309262.4,101427.2,207835.2
Middle East and North Africa,Jordan,Clothes,Online,M,8/12/2011,812984693,8/22/2011,9092,109.28,35.84,993573.76,325857.28,667716.48
Australia and Oceania,Fiji,Clothes,Offline,M,11/6/2012,407681453,12/24/2012,856,109.28,35.84,93543.68,30679.04,62864.64
Asia,Mongolia,Clothes,Offline,H,9/23/2016,308168065,10/18/2016,2633,109.28,35.84,287734.24,94366.72,193367.52
