Region,Country,Item Type,Sales Channel,Order Priority,Order Date,Order ID,Ship Date,Units Sold,Unit Price,Unit Cost,Total Revenue,Total Cost,Total Profit
Sub-Saharan Africa,Chad,Meat,Offline,H,1/20/2016,357222878,3/9/2016,9043,421.89,364.69,3815151.27,3297891.67,517259.6
Middle East and North Africa,Turkey,Meat,Online,L,10/5/2011,681298100,11/20/2011,103,421.89,364.69,43454.67,37563.07,5891.6
Europe,Armenia,Meat,Online,C,8/2/2010,489148938,9/1/2010,8896,421.89,364.69,3753133.44,3244282.24,508851.2
Asia,Bhutan,Meat,Online,H,12/9/2016,726708972,1/26/2017,8189,421.89,364.69,3454857.21,2986446.41,468410.8
Europe,Iceland,Meat,Offline,H,3/20/2015,869397771,4/17/2015,2975,421.89,364.69,1255122.75,1084952.75,170170.0
Sub-Saharan Africa,South Sudan,Meat,Online,C,9/30/2013,159050118,10/1/2013,5319,421.89,364.69,2244032.91,1939786.11,304246.8
Sub-Saharan Africa,Rwanda,Meat,Offline,H,7/18/2010,207580077,7/18/2010,6413,421.89,364.69,2705580.57,2338756.97,366823.6
Sub-Saharan Africa,Zimbabwe,Meat,Online,M,11/28/2014,219034612,12/10/2014,6064,421.89,364.69,2558340.96,2211480.16,346860.8
Asia,Mongolia,Meat,Offline,M,1/3/2015,573378455,1/17/2015,4281,421.89,364.69,1806111.09,1561237.89,244873.2
Sub-Saharan Africa,Republic of the Congo,Meat,Offline,H,3/1/2017,738839423,3/31/2017,7859,421.89,364.69,3315633.51,2866098.71,449534.8
Europe,Moldova ,Meat,Offline,L,12/16/2014,971916091,1/19/2015,424,421.89,364.69,178881.36,154628.56,24252.8
Australia and Oceania,Kiribati,Meat,Online,L,11/3/2010,139540803,12/4/2010,2079,421.89,364.69,877109.31,758190.51,118918.8
Middle East and North Africa,Israel,Meat,Offline,M,12/1/2010,248093020,12/16/2010,5093,421.89,364.69,2148685.77,1857366.17,291319.6
Australia and Oceania,Tonga,Meat,Offline,M,8/18/2012,355602824,9/15/2012,9633,421.89,364.69,4064066.37,3513058.77,551007.6
Australia and Oceania,Vanuatu,Meat,Online,H,7/26/2017,614994323,9/12/2017,9341,421.89,364.69,3940874.49,3406569.29,534305.2
Sub-Saharan Africa,Guinea,Meat,Offline,M,9/18/2012,251621949,10/20/2012,9381,421.89,364.69,3957750.09,3421156.89,536593.2
Sub-Saharan Africa,Swaziland,Meat,Online,M,8/24/2014,947620856,9/3/2014,924,421.89,364.69,389826.36,336973.56,52852.8
Central America and the Caribbean,Costa Rica,Meat,Offline,L,1/5/2012,433627212,2/13/2012,8783,421.89,364.69,3705459.87,3203072.27,502387.6
Asia,North Korea,Meat,Online,M,1/19/2014,277568137,2/7/2014,7435,421.89,364.69,3136752.15,2711470.15,425282.0
Sub-Saharan Africa,Guinea,Meat,Online,H,12/18/2014,807281672,1/26/2015,1441,421.89,364.69,607943.49,525518.29,82425.2
Sub-Saharan Africa,Mauritania,Meat,Offline,M,8/3/2013,306125295,8/15/2013,8132,421.89,364.69,3430809.48,2965659.08,465150.4
Europe,Luxembourg,Meat,Online,C,8/3/2011,775278842,9/22/2011,1093,421.89,364.69,461125.77,398606.17,62519.6
Sub-Saharan Africa,Zimbabwe,Meat,Offline,M,10/30/2016,855445134,12/6/2016,4080,421.89,364.69,1721311.2,1487935.2,233376.0
Central America and the Caribbean,Grenada,Meat,Online,L,5/12/2012,918334138,6/12/2012,4334,421.89,364.69,1828471.26,1580566.46,247904.8
Sub-Saharan Africa,Sao Tome and Principe,Meat,Offline,M,3/28/2014,386163699,4/19/2014,3275,421.89,364.69,1381689.75,1194359.75,187330.0
Middle East and North Africa,Turkey,Meat,Online,H,1/6/2016,867222821,2/6/2016,9359,421.89,364.69,3948468.51,3413133.71,535334.8
Australia and Oceania,Tonga,Meat,Offline,C,7/29/2014,389678895,8/24/2014,3499,421.89,364.69,1476193.11,1276050.31,200142.8
Europe,Belgium,Meat,Online,L,1/26/2017,760364902,2/24/2017,7726,421.89,364.69,3259522.14,2817594.94,441927.2
Central America and the Caribbean,Saint Lucia,Meat,Offline,L,7/22/2013,447970378,9/2/2013,3245,421.89,364.69,1369033.05,1183419.05,185614.0
Sub-Saharan Africa,Chad,Meat,Offline,M,3/25/2012,479447925,4/4/2012,8150,421.89,364.69,3438403.5,2972223.5,466180.0
Sub-Saharan Africa,South Africa,Meat,Online,L,5/20/2012,207922542,7/1/2012,7755,421.89,364.69,3271756.95,2828170.95,443586.0
Middle East and North Africa,Tunisia ,Meat,Offline,C,8/9/2015,154119145,9/21/2015,6135,421.89,364.69,2588295.15,2237373.15,350922.0
Central America and the Caribbean,Cuba,Meat,Online,M,10/17/2015,925504004,12/6/2015,6057,421.89,364.69,2555387.73,2208927.33,346460.4
Central America and the Caribbean,Nicaragua,Meat,Offline,L,3/21/2015,652889430,4/15/2015,3346,421.89,364.69,1411643.94,1220252.74,191391.2
North America,United States of America,Meat,Online,M,3/6/2011,908136594,3/10/2011,6654,421.89,364.69,2807256.06,2426647.26,380608.8
Middle East and North Africa,Algeria,Meat,Offline,M,9/2/2011,183022201,10/15/2011,9191,421.89,364.69,3877590.99,3351865.79,525725.2
Sub-Saharan Africa,Mali,Meat,Online,L,7/14/2012,286014306,8/15/2012,6844,421.89,364.69,2887415.16,2495938.36,391476.8
Europe,Andorra,Meat,Offline,M,3/31/2011,834460818,3/31/2011,4355,421.89,364.69,1837330.95,1588224.95,249106.0
Sub-Saharan Africa,Equatorial Guinea,Meat,Offline,L,7/15/2016,565798747,8/9/2016,1277,421.89,364.69,538753.53,465709.13,73044.4
Europe,Estonia,Meat,Offline,H,8/10/2014,175257527,9/25/2014,1452,421.89,364.69,612584.28,529529.88,83054.4
Sub-Saharan Africa,Ghana,Meat,Offline,C,2/9/2017,580854308,3/18/2017,6552,421.89,364.69,2764223.28,2389448.88,374774.4
Middle East and North Africa,Egypt,Meat,Online,C,1/14/2011,972678697,2/25/2011,6096,421.89,364.69,2571841.44,2223150.24,348691.2
Sub-Saharan Africa,Niger,Meat,Online,C,12/4/2012,156619393,12/5/2012,6014,421.89,364.69,2537246.46,2193245.66,344000.8
Middle East and North Africa,Qatar,Meat,Online,H,8/30/2016,635309588,10/14/2016,1080,421.89,364.69,455641.2,393865.2,61776.0
Europe,Poland,Meat,Offline,C,11/16/2010,841492497,12/31/2010,5185,421.89,364.69,2187499.65,1890917.65,296582.0
Sub-Saharan Africa,Benin,Meat,Offline,M,5/5/2014,340827071,6/5/2014,7159,421.89,364.69,3020310.51,2610815.71,409494.8
Sub-Saharan Africa,Benin,Meat,Offline,L,11/28/2014,372845780,12/9/2014,2207,421.89,364.69,931111.23,804870.83,126240.4
Europe,Moldova ,Meat,Online,M,2/23/2010,607521903,4/5/2010,8086,421.89,364.69,3411402.54,2948883.34,462519.2
Europe,Ireland,Meat,Offline,C,12/14/2011,207395112,1/26/2012,1677,421.89,364.69,707509.53,611585.13,95924.4
Sub-Saharan Africa,Rwanda,Meat,Offline,C,8/21/2013,884493243,10/2/2013,61,421.89,364.69,25735.29,22246.09,3489.2
Asia,Japan,Meat,Offline,M,7/2/2010,551725089,8/10/2010,6569,421.89,364.69,2771395.41,2395648.61,375746.8
Central America and the Caribbean,El Salvador,Meat,Offline,L,12/18/2013,957553613,1/10/2014,248,421.89,364.69,104628.72,90443.12,14185.6
Middle East and North Africa,Egypt,Meat,Offline,C,6/17/2015,636879432,7/3/2015,5632,421.89,364.69,2376084.48,2053934.08,322150.4
Asia,Tajikistan,Meat,Offline,M,8/22/2013,801093709,10/5/2013,285,421.89,364.69,120238.65,103936.65,16302.0
Sub-Saharan Africa,Comoros,Meat,Offline,L,10/31/2010,794969689,11/13/2010,8052,421.89,364.69,3397058.28,2936483.88,460574.4
Sub-Saharan Africa,Benin,Meat,Offline,H,1/21/2015,960269725,2/22/2015,4006,421.89,364.69,1690091.34,1460948.14,229143.2
Middle East and North Africa,Iran,Meat,Offline,H,8/5/2016,613542068,8/11/2016,9587,421.89,364.69,4044659.43,3496283.03,548376.4
Middle East and North Africa,Iran,Meat,Online,C,7/3/2016,212874114,8/17/2016,3036,421.89,364.69,1280858.04,1107198.84,173659.2
Sub-Saharan Africa,Angola,Meat,Offline,L,4/30/2016,267614781,5/12/2016,2016,421.89,364.69,850530.24,735215.04,115315.2
Middle East and North Africa,Jordan,Meat,Online,L,7/15/2014,386371409,7/19/2014,4741,421.89,364.69,2000180.49,1728995.29,271185.2
Europe,Switzerland,Meat,Online,C,12/22/2012,703815782,1/7/2013,3585,421.89,364.69,1512475.65,1307413.65,205062.0
Asia,Uzbekistan,Meat,Offline,H,2/5/2013,806662833,3/27/2013,8313,421.89,364.69,3507171.57,3031667.97,475503.6
Central America and the Caribbean,Belize,Meat,Online,L,4/9/2011,479216182,4/26/2011,9572,421.89,364.69,4038331.08,3490812.68,547518.4
Asia,Bhutan,Meat,Online,C,5/13/2014,251800048,5/22/2014,2085,421.89,364.69,879640.65,760378.65,119262.0
Sub-Saharan Africa,Mauritania,Meat,Offline,H,8/17/2014,622758996,10/1/2014,7081,421.89,364.69,2987403.09,2582369.89,405033.2
Sub-Saharan Africa,Guinea,Meat,Offline,M,6/7/2011,500160586,6/7/2011,7487,421.89,364.69,3158690.43,2730434.03,428256.4
Europe,Ireland,Meat,Online,C,10/6/2011,234073007,11/20/2011,6259,421.89,364.69,2640609.51,2282594.71,358014.8
Middle East and North Africa,Pakistan,Meat,Online,C,2/17/2013,612943828,3/1/2013,2554,421.89,364.69,1077507.06,931418.26,146088.8
Asia,Tajikistan,Meat,Online,M,7/7/2012,368547379,7/12/2012,214,421.89,364.69,90284.46,78043.66,12240.8
Australia and Oceania,New Zealand,Meat,Offline,H,6/2/2013,969616687,6/28/2013,9980,421.89,364.69,4210462.2,3639606.2,570856.0
Australia and Oceania,Vanuatu,Meat,Offline,H,6/28/2012,827539861,7/1/2012,6289,421.89,364.69,2653266.21,2293535.41,359730.8
Sub-Saharan Africa,Kenya,Meat,Offline,C,2/19/2017,531067359,2/20/2017,3488,421.89,364.69,1471552.32,1272038.72,199513.6
Middle East and North Africa,Kuwait,Meat,Online,C,1/13/2010,480863702,1/28/2010,7110,421.89,364.69,2999637.9,2592945.9,406692.0
Middle East and North Africa,Qatar,Meat,Online,H,12/22/2014,480177485,2/7/2015,4043,421.89,364.69,1705701.27,1474441.67,231259.6
Central America and the Caribbean,Saint Kitts and Nevis ,Meat,Online,L,1/27/2012,626523101,2/16/2012,963,421.89,364.69,406280.07,351196.47,55083.6
Central America and the Caribbean,Guatemala,Meat,Offline,H,1/16/2012,936387765,2/29/2012,6803,421.89,364.69,2870117.67,2480986.07,389131.6
Central America and the Caribbean,Panama,Meat,Offline,C,12/18/2012,775171554,1/5/2013,9344,421.89,364.69,3942140.16,3407663.36,534476.8
Asia,Nepal,Meat,Offline,C,4/9/2017,919890248,5/18/2017,4821,421.89,364.69,2033931.69,1758170.49,275761.2
