Region,Country,Item Type,Sales Channel,Order Priority,Order Date,Order ID,Ship Date,Units Sold,Unit Price,Unit Cost,Total Revenue,Total Cost,Total Profit
North America,Canada,Vegetables,Online,M,11/7/2011,185941302,12/8/2011,3018,154.06,90.93,464953.08,274426.74,190526.34
Central America and the Caribbean,Jamaica,Vegetables,Online,H,1/29/2015,266467225,3/7/2015,2428,154.06,90.93,374057.68,220778.04,153279.64
Australia and Oceania,Fiji,Vegetables,Offline,H,12/24/2013,118598544,1/19/2014,4800,154.06,90.93,739488.0,436464.0,303024.0
Central America and the Caribbean,Trinidad and Tobago,Vegetables,Offline,M,3/6/2011,280494105,4/14/2011,3294,154.06,90.93,507473.64,299523.42,207950.22
Australia and Oceania,Vanuatu,Vegetables,Online,L,5/17/2012,366653096,5/31/2012,9654,154.06,90.93,1487295.24,877838.22,609457.02
Sub-Saharan Africa,Burundi,Vegetables,Online,M,11/17/2010,951380240,12/20/2010,3410,154.06,90.93,525344.6,310071.3,215273.3
Asia,Nepal,Vegetables,Offline,C,6/2/2014,443121373,6/19/2014,8316,154.06,90.93,1281162.96,756173.88,524989.08
Europe,Sweden,Vegetables,Offline,M,2/5/2017,947434604,2/19/2017,5808,154.06,90.93,894780.48,528121.44,366659.04
Australia and Oceania,East Timor,Vegetables,Offline,C,8/4/2014,633895957,8/22/2014,2755,154.06,90.93,424435.3,250512.15,173923.15
Middle East and North Africa,Jordan,Vegetables,Offline,L,6/13/2015,698002040,7/29/2015,3170,154.06,90.93,488370.2,288248.1,200122.1
Sub-Saharan Africa,Malawi,Vegetables,Online,L,6/22/2012,384013640,7/19/2012,7025,154.06,90.93,1082271.5,638783.25,443488.25
Europe,Ireland,Vegetables,Online,M,3/4/2012,419306790,3/12/2012,1052,154.06,90.93,162071.12,95658.36,66412.76
Europe,Albania,Vegetables,Online,H,11/24/2015,824200189,11/26/2015,8006,154.06,90.93,1233404.36,727985.58,505418.78
Europe,Hungary,Vegetables,Online,C,5/25/2014,739998137,7/9/2014,748,154.06,90.93,115236.88,68015.64,47221.24
North America,Canada,Vegetables,Offline,L,10/7/2016,654480731,11/8/2016,4247,154.06,90.93,654292.82,386179.71,268113.11
Sub-Saharan Africa,Guinea-Bissau,Vegetables,Online,C,3/11/2010,531405103,4/19/2010,3434,154.06,90.93,529042.04,312253.62,216788.42
Australia and Oceania,Nauru,Vegetables,Offline,M,1/14/2010,131482589,1/20/2010,7475,154.06,90.93,1151598.5,679701.75,471896.75
Europe,Finland,Vegetables,Online,C,1/21/2014,306220996,1/30/2014,6452,154.06,90.93,993995.12,586680.36,407314.76
Sub-Saharan Africa,Togo,Vegetables,Online,C,8/18/2016,170214545,8/19/2016,9121,154.06,90.93,1405181.26,829372.53,575808.73
Australia and Oceania,East Timor,Vegetables,Online,C,8/12/2011,505244338,9/19/2011,1882,154.06,90.93,289940.92,171130.26,118810.66
Sub-Saharan Africa,Seychelles ,Vegetables,Offline,L,6/1/2010,620441138,6/22/2010,1175,154.06,90.93,181020.5,106842.75,74177.75
Sub-Saharan Africa,Burkina Faso,Vegetables,Online,L,7/20/2011,162866580,7/26/2011,4695,154.06,90.93,723311.7,426916.35,296395.35
Asia,Maldives,Vegetables,Online,H,2/25/2015,720307290,3/28/2015,3789,154.06,90.93,583733.34,344533.77,239199.57
Sub-Saharan Africa,Mali,Vegetables,Online,C,6/19/2012,555142009,7/10/2012,7712,154.06,90.93,1188110.72,701252.16,486858.56
Europe,Vatican City,Vegetables,Online,C,4/28/2014,778763139,5/9/2014,2173,154.06,90.93,334772.38,197590.89,137181.49
Middle East and North Africa,Libya,Vegetables,Online,C,1/2/2015,276225316,2/9/2015,64,154.06,90.93,9859.84,5819.52,4040.32
Middle East and North Africa,Jordan,Vegetables,Online,C,6/1/2014,603426492,6/15/2014,6163,154.06,90.93,949471.78,560401.59,389070.19
Europe,Slovakia,Vegetables,Online,M,4/24/2016,769822585,5/15/2016,6465,154.06,90.93,995997.9,587862.45,408135.45
Sub-Saharan Africa,Zimbabwe,Vegetables,Offline,C,7/22/2012,768662583,8/10/2012,3195,154.06,90.93,492221.7,290521.35,201700.35
Middle East and North Africa,Iran,Vegetables,Offline,M,12/16/2015,938025844,1/21/2016,1547,154.06,90.93,238330.82,140668.71,97662.11
Middle East and North Africa,Algeria,Vegetables,Online,C,2/25/2017,155710446,2/25/2017,7036,154.06,90.93,1083966.16,639783.48,444182.68
Middle East and North Africa,Saudi Arabia,Vegetables,Online,M,8/28/2012,808890140,9/22/2012,7422,154.06,90.93,1143433.32,674882.46,468550.86
Asia,China,Vegetables,Online,H,9/5/2010,737816321,9/21/2010,5100,154.06,90.93,785706.0,463743.0,321963.0
Sub-Saharan Africa,Central African Republic,Vegetables,Online,L,10/9/2012,585931193,11/21/2012,8916,154.06,90.93,1373598.96,810731.88,562867.08
Central America and the Caribbean,Antigua and Barbuda ,Vegetables,Online,M,1/3/2012,165835034,1/5/2012,3127,154.06,90.93,481745.62,284338.11,197407.51
Asia,Mongolia,Vegetables,Online,C,11/27/2010,693743550,1/9/2011,2988,154.06,90.93,460331.28,271698.84,188632.44
Europe,Monaco,Vegetables,Online,H,1/1/2010,329530894,2/13/2010,4369,154.06,90.93,673088.14,397273.17,275814.97
Europe,Bulgaria,Vegetables,Online,H,8/25/2012,614028298,9/9/2012,3473,154.06,90.93,535050.38,315799.89,219250.49
Asia,Tajikistan,Vegetables,Online,H,8/21/2014,106578814,10/2/2014,7894,154.06,90.93,1216149.64,717801.42,498348.22
Europe,Austria,Vegetables,Online,C,7/29/2016,612911641,8/31/2016,3030,154.06,90.93,466801.8,275517.9,191283.9
Europe,Luxembourg,Vegetables,Offline,L,10/21/2014,116699969,11/18/2014,2969,154.06,90.93,457404.14,269971.17,187432.97
Australia and Oceania,Palau,Vegetables,Offline,C,6/29/2010,167787253,7/16/2010,832,154.06,90.93,128177.92,75653.76,52524.16
Australia and Oceania,Australia,Vegetables,Online,M,5/19/2014,647663629,5/20/2014,6915,154.06,90.93,1065324.9,628780.95,436543.95
Europe,Hungary,Vegetables,Offline,M,8/12/2010,248121345,9/14/2010,3475,154.06,90.93,535358.5,315981.75,219376.75
Sub-Saharan Africa,Cote d'Ivoire,Vegetables,Online,C,10/23/2015,837067067,10/26/2015,5602,154.06,90.93,863044.12,509389.86,353654.26
Europe,Slovakia,Vegetables,Offline,L,7/3/2014,744370782,7/14/2014,4711,154.06,90.93,725776.66,428371.23,297405.43
Middle East and North Africa,Jordan,Vegetables,Online,M,9/14/2010,151854932,10/19/2010,6104,154.06,90.93,940382.24,555036.72,385345.52
Asia,Kyrgyzstan,Vegetables,Online,H,3/7/2011,427811324,4/16/2011,7733,154.06,90.93,1191345.98,703161.69,488184.29
Europe,Greece,Vegetables,Online,L,2/17/2017,140635573,3/21/2017,6046,154.06,90.93,931446.76,549762.78,381683.98
Australia and Oceania,Australia,Vegetables,Online,C,12/15/2010,729443109,1/12/2011,7281,154.06,90.93,1121710.86,662061.33,459649.53
Central America and the Caribbean,Saint Lucia,Vegetables,Online,C,3/1/2012,151868665,4/19/2012,168,154.06,90.93,25882.08,15276.24,10605.84
Middle East and North Africa,Pakistan,Vegetables,Offline,M,4/25/2013,538957345,4/25/2013,8310,154.06,90.93,1280238.6,755628.3,524610.3
Europe,Italy,Vegetables,Offline,L,1/10/2014,952714908,2/25/2014,8367,154.06,90.93,1289020.02,760811.31,528208.71
Europe,Bosnia and Herzegovina,Vegetables,Online,C,10/3/2010,694722020,10/3/2010,2539,154.06,90.93,391158.34,230871.27,160287.07
Middle East and North Africa,Saudi Arabia,Vegetables,Online,C,8/16/2016,461463820,8/20/2016,6254,154.06,90.93,963491.24,568676.22,394815.02
Sub-Saharan Africa,Central African Republic,Vegetables,Online,C,9/4/2012,641146934,10/4/2012,8480,154.06,90.93,1306428.8,771086.4,535342.4
Sub-Saharan Africa,Nigeria,Vegetables,Offline,C,7/21/2010,211201274,9/9/2010,8005,154.06,90.93,1233250.3,727894.65,505355.65
Europe,Andorra,Vegetables,Online,M,9/15/2013,257915914,10/6/2013,1905,154.06,90.93,293484.3,173221.65,120262.65
Europe,Serbia,Vegetables,Online,L,3/23/2015,685871589,4/5/2015,3500,154.06,90.93,539210.0,318255.0,220955.0
Sub-Saharan Africa,Ethiopia,Vegetables,Online,C,8/6/2011,304832684,9/6/2011,5620,154.06,90.93,865817.2,511026.6,354790.6
Sub-Saharan Africa,Cote d'Ivoire,Vegetables,Offline,M,7/8/2014,641489398,7/28/2014,9823,154.06,90.93,1513331.38,893205.39,620125.99
Asia,Vietnam,Vegetables,Offline,M,2/18/2016,396820008,3/20/2016,6714,154.06,90.93,1034358.84,610504.02,423854.82
Europe,Portugal,Vegetables,Online,H,6/14/2013,813209140,7/10/2013,5511,154.06,90.93,849024.66,501115.23,347909.43
Sub-Saharan Africa,Namibia,Vegetables,Offline,C,8/11/2014,461823451,9/4/2014,2677,154.06,90.93,412418.62,243419.61,168999.01
Sub-Saharan Africa,Sudan,Vegetables,Offline,M,2/2/2014,241281497,3/3/2014,9412,154.06,90.93,1450012.72,855833.16,594179.56
Europe,Belarus,Vegetables,Offline,C,11/3/2012,478919208,11/27/2012,1691,154.06,90.93,260515.46,153762.63,106752.83
Sub-Saharan Africa,Guinea-Bissau,Vegetables,Online,L,2/28/2017,522921168,3/2/2017,2849,154.06,90.93,438916.94,259059.57,179857.37
Europe,Estonia,Vegetables,Online,L,12/27/2016,826916301,1/7/2017,1764,154.06,90.93,271761.84,160400.52,111361.32
Central America and the Caribbean,Dominica,Vegetables,Offline,C,11/16/2014,653939568,12/6/2014,4105,154.06,90.93,632416.3,373267.65,259148.65
Central America and the Caribbean,Saint Kitts and Nevis ,Vegetables,Online,H,4/15/2017,954092919,5/11/2017,6152,154.06,90.93,947777.12,559401.36,388375.76
Asia,Maldives,Vegetables,Offline,M,1/11/2014,509819114,2/23/2014,5660,154.06,90.93,871979.6,514663.8,357315.8
Europe,Albania,Vegetables,Offline,M,9/12/2012,880444610,10/31/2012,1980,154.06,90.93,305038.8,180041.4,124997.4
Central America and the Caribbean,Dominican Republic,Vegetables,Offline,L,12/19/2015,737890565,1/15/2016,7071,154.06,90.93,1089358.26,642966.03,446392.23
Sub-Saharan Africa,Zimbabwe,Vegetables,Online,M,6/26/2014,727131259,8/9/2014,3153,154.06,90.93,485751.18,286702.29,199048.89
Middle East and North Africa,Azerbaijan,Vegetables,Online,C,7/27/2014,751929891,8/1/2014,1619,154.06,90.93,249423.14,147215.67,102207.47
Middle East and North Africa,Saudi Arabia,Vegetables,Online,H,5/18/2010,411448562,6/30/2010,5628,154.06,90.93,867049.68,511754.04,355295.64
Europe,Spain,Vegetables,Online,L,10/8/2013,751940190,10/10/2013,4667,154.06,90.93,718998.02,424370.31,294627.71
Asia,Kyrgyzstan,Vegetables,Offline,H,1/29/2017,348286616,2/13/2017,4604,154.06,90.93,709292.24,418641.72,290650.52
Asia,Thailand,Vegetables,Online,L,7/17/2010,976871955,8/31/2010,6975,154.06,90.93,1074568.5,634236.75,440331.75
Australia and Oceania,Solomon Islands,Vegetables,Offline,L,7/15/2016,784117686,7/17/2016,6703,154.06,90.93,1032664.18,609503.79,423160.39
Sub-Saharan Africa,Namibia,Vegetables,Online,L,5/8/2016,446970021,5/9/2016,7217,154.06,90.93,1111851.02,656241.81,455609.21
Middle East and North Africa,Turkey,Vegetables,Offline,M,8/24/2014,496656548,9/29/2014,564,154.06,90.93,86889.84,51284.52,35605.32
Middle East and North Africa,Pakistan,Vegetables,Offline,C,5/26/2013,345437037,6/30/2013,1351,154.06,90.93,208135.06,122846.43,85288.63
Europe,Georgia,Vegetables,Offline,H,1/26/2015,743053281,2/23/2015,4833,154.06,90.93,744571.98,439464.69,305107.29
Europe,France,Vegetables,Offline,C,4/12/2012,959853875,5/4/2012,947,154.06,90.93,145894.82,86110.71,59784.11
Europe,Spain,Vegetables,Online,C,10/2/2012,645597255,10/25/2012,5429,154.06,90.93,836391.74,493658.97,342732.77
Sub-Saharan Africa,The Gambia,Vegetables,Online,M,9/30/2013,718327605,11/10/2013,7956,154.06,90.93,1225701.36,723439.08,502262.28
Central America and the Caribbean,Haiti,Vegetables,Offline,H,10/16/2015,948607051,11/27/2015,2761,154.06,90.93,425359.66,251057.73,174301.93
Europe,Iceland,Vegetables,Online,M,3/7/2012,248178422,3/22/2012,365,154.06,90.93,56231.9,33189.45,23042.45
Asia,Myanmar,Vegetables,Offline,L,1/14/2013,416386401,2/16/2013,6844,154.06,90.93,1054386.64,622324.92,432061.72
Europe,Slovakia,Vegetables,Online,M,3/23/2015,401116263,3/31/2015,8071,154.06,90.93,1243418.26,733896.03,509522.23
Sub-Saharan Africa,The Gambia,Vegetables,Offline,L,10/4/2016,823444449,10/30/2016,4366,154.06,90.93,672625.96,397000.38,275625.58
Europe,Lithuania,Vegetables,Offline,M,10/6/2010,423821055,10/22/2010,6923,154.06,90.93,1066557.38,629508.39,437048.99
Europe,United Kingdom,Vegetables,Online,L,12/8/2012,529970014,1/3/2013,8759,154.06,90.93,1349411.54,796455.87,552955.67
Middle East and North Africa,Syria,Vegetables,Offline,M,6/24/2015,433871400,7/1/2015,1044,154.06,90.93,160838.64,94930.92,65907.72
Sub-Saharan Africa,Sudan,Vegetables,Offline,H,12/4/2016,817192542,12/22/2016,4288,154.06,90.93,660609.28,389907.84,270701.44
Middle East and North Africa,United Arab Emirates,Vegetables,Online,C,5/12/2011,524363124,6/28/2011,9556,154.06,90.93,1472197.36,868927.08,603270.28
