Region,Country,Item Type,Sales Channel,Order Priority,Order Date,Order ID,Ship Date,Units Sold,Unit Price,Unit Cost,Total Revenue,Total Cost,Total Profit
Australia and Oceania,Fiji,Vegetables,Offline,H,12/24/2013,118598544,1/19/2014,4800,154.06,90.93,739488.0,436464.0,303024.0
Australia and Oceania,Federated States of Micronesia,Snacks,Online,C,9/3/2012,531023156,10/15/2012,407,152.58,97.44,62100.06,39658.08,22441.98
Australia and Oceania,Vanuatu,Vegetables,Online,L,5/17/2012,366653096,5/31/2012,9654,154.06,90.93,1487295.24,877838.22,609457.02
Australia and Oceania,Fiji,Personal Care,Offline,H,12/17/2016,600370490,1/25/2017,1824,81.73,56.67,149075.52,103366.08,45709.44
Australia and Oceania,Tonga,Household,Online,M,1/14/2013,671898782,2/6/2013,8635,668.27,502.54,5770511.45,4339432.9,1431078.55
Australia and Oceania,Tuvalu,Snacks,Offline,L,3/16/2011,369837844,3/23/2011,2091,152.58,97.44,319044.78,203747.04,115297.74
Australia and Oceania,East Timor,Vegetables,Offline,C,8/4/2014,633895957,8/22/2014,2755,154.06,90.93,424435.3,250512.15,173923.15
Australia and Oceania,Tonga,Beverages,Offline,L,1/27/2010,812613904,1/29/2010,9367,47.45,31.79,444464.15,297776.93,146687.22
Australia and Oceania,Marshall Islands,Snacks,Online,L,1/12/2012,521396386,2/14/2012,1632,152.58,97.44,249010.56,159022.08,89988.48
Australia and Oceania,Marshall Islands,Personal Care,Offline,L,7/9/2017,803517568,7/21/2017,7559,81.73,56.67,617797.07,428368.53,189428.54
Australia and Oceania,Solomon Islands,Personal Care,Online,H,7/26/2010,363832271,9/12/2010,4909,81.73,56.67,401212.57,278193.03,123019.54
Australia and Oceania,Kiribati,Meat,Online,L,11/3/2010,139540803,12/4/2010,2079,421.89,364.69,877109.31,758190.51,118918.8
Australia and Oceania,Tonga,Meat,Offline,M,8/18/2012,355602824,9/15/2012,9633,421.89,364.69,4064066.37,3513058.77,551007.6
Australia and Oceania,Nauru,Vegetables,Offline,M,1/14/2010,131482589,1/20/2010,7475,154.06,90.93,1151598.5,679701.75,471896.75
Australia and Oceania,Papua New Guinea,Household,Offline,L,2/28/2010,157542073,3/15/2010,9055,668.27,502.54,6051184.85,4550499.7,1500685.15
Australia and Oceania,Vanuatu,Meat,Online,H,7/26/2017,614994323,9/12/2017,9341,421.89,364.69,3940874.49,3406569.29,534305.2
Australia and Oceania,East Timor,Vegetables,Online,C,8/12/2011,505244338,9/19/2011,1882,154.06,90.93,289940.92,171130.26,118810.66
Australia and Oceania,Palau,Snacks,Offline,M,4/27/2012,509914386,6/11/2012,3853,152.58,97.44,587890.74,375436.32,212454.42
Australia and Oceania,Solomon Islands,Personal Care,Offline,H,5/10/2015,517935693,6/16/2015,7536,81.73,56.67,615917.28,427065.12,188852.16
Australia and Oceania,Papua New Guinea,Household,Online,M,4/27/2016,991644704,5/18/2016,8559,668.27,502.54,5719722.93,4301239.86,1418483.07
Australia and Oceania,Solomon Islands,Snacks,Offline,L,3/4/2014,251753699,3/24/2014,8369,152.58,97.44,1276942.02,815475.36,461466.66
Australia and Oceania,East Timor,Fruits,Offline,M,11/26/2016,195177543,12/23/2016,6227,9.33,6.92,58097.91,43090.84,15007.07
Australia and Oceania,Marshall Islands,Personal Care,Offline,C,4/13/2013,605825459,5/14/2013,6071,81.73,56.67,496182.83,344043.57,152139.26
Australia and Oceania,Tonga,Fruits,Offline,L,5/20/2011,227486360,6/8/2011,7124,9.33,6.92,66466.92,49298.08,17168.84
Australia and Oceania,New Zealand,Personal Care,Online,L,5/23/2012,109724509,6/16/2012,8775,81.73,56.67,717180.75,497279.25,219901.5
Australia and Oceania,Samoa ,Clothes,Offline,M,7/22/2015,847999322,8/6/2015,699,109.28,35.84,76386.72,25052.16,51334.56
Australia and Oceania,Fiji,Clothes,Online,H,2/1/2017,605373561,3/2/2017,2344,109.28,35.84,256152.32,84008.96,172143.36
Australia and Oceania,Marshall Islands,Beverages,Offline,M,8/3/2015,666678130,9/21/2015,3729,47.45,31.79,176941.05,118544.91,58396.14
Australia and Oceania,New Zealand,Household,Offline,L,3/8/2017,398511302,4/20/2017,7205,668.27,502.54,4814885.35,3620800.7,1194084.65
Australia and Oceania,New Zealand,Baby Food,Offline,L,7/20/2014,680533778,7/25/2014,3923,255.28,159.42,1001463.44,625404.66,376058.78
Australia and Oceania,East Timor,Cosmetics,Offline,C,10/12/2013,663857305,11/13/2013,8984,437.2,263.33,3927804.8,2365756.72,1562048.08
Australia and Oceania,Marshall Islands,Fruits,Online,L,1/2/2011,692566382,1/14/2011,4638,9.33,6.92,43272.54,32094.96,11177.58
Australia and Oceania,Federated States of Micronesia,Personal Care,Online,M,8/21/2016,421043574,9/7/2016,5005,81.73,56.67,409058.65,283633.35,125425.3
Australia and Oceania,Fiji,Snacks,Online,H,3/17/2011,673130881,3/23/2011,3241,152.58,97.44,494511.78,315803.04,178708.74
Australia and Oceania,Tonga,Meat,Offline,C,7/29/2014,389678895,8/24/2014,3499,421.89,364.69,1476193.11,1276050.31,200142.8
Australia and Oceania,Vanuatu,Office Supplies,Online,L,3/1/2016,402646195,3/28/2016,812,651.21,524.96,528782.52,426267.52,102515.0
Australia and Oceania,Kiribati,Cereal,Offline,L,7/24/2012,905392587,8/16/2012,4641,205.7,117.11,954653.7,543507.51,411146.19
Australia and Oceania,Palau,Vegetables,Offline,C,6/29/2010,167787253,7/16/2010,832,154.06,90.93,128177.92,75653.76,52524.16
Australia and Oceania,Australia,Vegetables,Online,M,5/19/2014,647663629,5/20/2014,6915,154.06,90.93,1065324.9,628780.95,436543.95
Australia and Oceania,Palau,Household,Online,M,6/23/2012,816204202,7/1/2012,1816,668.27,502.54,1213578.32,912612.64,300965.68
Australia and Oceania,Papua New Guinea,Cosmetics,Offline,H,4/22/2011,534633624,6/8/2011,8825,437.2,263.33,3858290.0,2323887.25,1534402.75
Australia and Oceania,Tuvalu,Household,Online,L,9/30/2012,531734263,10/12/2012,840,668.27,502.54,561346.8,422133.6,139213.2
Australia and Oceania,Vanuatu,Cosmetics,Online,H,8/4/2012,356506621,9/3/2012,7086,437.2,263.33,3097999.2,1865956.38,1232042.82
Australia and Oceania,Kiribati,Baby Food,Offline,L,8/15/2010,280749452,10/1/2010,8856,255.28,159.42,2260759.68,1411823.52,848936.16
Australia and Oceania,East Timor,Snacks,Offline,C,5/18/2013,351182544,6/22/2013,1574,152.58,97.44,240160.92,153370.56,86790.36
Australia and Oceania,Australia,Vegetables,Online,C,12/15/2010,729443109,1/12/2011,7281,154.06,90.93,1121710.86,662061.33,459649.53
Australia and Oceania,Vanuatu,Beverages,Offline,M,11/8/2015,293258845,11/14/2015,664,47.45,31.79,31506.8,21108.56,10398.24
Australia and Oceania,Nauru,Fruits,Online,L,2/22/2010,607757937,4/5/2010,7934,9.33,6.92,74024.22,54903.28,19120.94
Australia and Oceania,Tuvalu,Cereal,Offline,C,2/12/2014,133362710,3/23/2014,3844,205.7,117.11,790710.8,450170.84,340539.96
Australia and Oceania,Solomon Islands,Clothes,Offline,M,8/9/2014,647278249,9/16/2014,2873,109.28,35.84,313961.44,102968.32,210993.12
Australia and Oceania,East Timor,Snacks,Online,H,12/28/2010,464840400,2/5/2011,5459,152.58,97.44,832934.22,531924.96,301009.26
Australia and Oceania,East Timor,Beverages,Online,C,6/5/2015,179970920,6/25/2015,6249,47.45,31.79,296515.05,198655.71,97859.34
Australia and Oceania,Solomon Islands,Personal Care,Offline,M,3/9/2015,532846200,4/20/2015,9886,81.73,56.67,807982.78,560239.62,247743.16
Australia and Oceania,Solomon Islands,Cereal,Offline,C,11/8/2010,940870702,11/21/2010,3404,205.7,117.11,700202.8,398642.44,301560.36
Australia and Oceania,Marshall Islands,Beverages,Offline,H,10/14/2013,185342633,11/24/2013,5859,47.45,31.79,278009.55,186257.61,91751.94
Australia and Oceania,Samoa ,Personal Care,Online,C,4/16/2010,559352862,6/4/2010,3797,81.73,56.67,310328.81,215175.99,95152.82
Australia and Oceania,Tuvalu,Cosmetics,Online,H,1/17/2016,991831386,1/29/2016,3803,437.2,263.33,1662671.6,1001443.99,661227.61
Australia and Oceania,Marshall Islands,Cereal,Online,L,5/29/2017,148871457,7/6/2017,3227,205.7,117.11,663793.9,377913.97,285879.93
Australia and Oceania,Kiribati,Clothes,Offline,M,2/16/2017,891271722,2/22/2017,5963,109.28,35.84,651636.64,213713.92,437922.72
Australia and Oceania,New Zealand,Meat,Offline,H,6/2/2013,969616687,6/28/2013,9980,421.89,364.69,4210462.2,3639606.2,570856.0
Australia and Oceania,Fiji,Clothes,Offline,L,12/1/2011,257890164,12/29/2011,4285,109.28,35.84,468264.8,153574.4,314690.4
Australia and Oceania,Fiji,Cosmetics,Online,M,10/31/2015,802078616,12/9/2015,1741,437.2,263.33,761165.2,458457.53,302707.67
Australia and Oceania,Solomon Islands,Vegetables,Offline,L,7/15/2016,784117686,7/17/2016,6703,154.06,90.93,1032664.18,609503.79,423160.39
Australia and Oceania,Vanuatu,Snacks,Offline,L,1/7/2012,364554107,1/18/2012,8516,152.58,97.44,1299371.28,829799.04,469572.24
Australia and Oceania,Vanuatu,Meat,Offline,H,6/28/2012,827539861,7/1/2012,6289,421.89,364.69,2653266.21,2293535.41,359730.8
Australia and Oceania,East Timor,Beverages,Offline,L,12/6/2014,275632226,1/18/2015,4556,47.45,31.79,216182.2,144835.24,71346.96
Australia and Oceania,Tuvalu,Cereal,Online,C,3/27/2013,935644042,5/15/2013,6719,205.7,117.11,1382098.3,786862.09,595236.21
Australia and Oceania,New Zealand,Household,Offline,H,3/9/2011,905381858,4/8/2011,1466,668.27,502.54,979683.82,736723.64,242960.18
Australia and Oceania,Vanuatu,Cereal,Online,L,2/3/2017,877259004,2/16/2017,9289,205.7,117.11,1910747.3,1087834.79,822912.51
Australia and Oceania,Palau,Cereal,Offline,L,10/6/2010,494468724,10/23/2010,3139,205.7,117.11,645692.3,367608.29,278084.01
Australia and Oceania,Vanuatu,Cosmetics,Offline,C,10/14/2013,607300031,10/14/2013,2429,437.2,263.33,1061958.8,639628.57,422330.23
Australia and Oceania,Tuvalu,Fruits,Offline,L,2/23/2013,447601306,3/11/2013,4028,9.33,6.92,37581.24,27873.76,9707.48
Australia and Oceania,Papua New Guinea,Household,Online,M,3/14/2012,442214143,5/3/2012,9847,668.27,502.54,6580454.69,4948511.38,1631943.31
Australia and Oceania,Australia,Cosmetics,Offline,L,7/13/2011,392952907,8/13/2011,2352,437.2,263.33,1028294.4,619352.16,408942.24
Australia and Oceania,Fiji,Beverages,Offline,H,4/19/2016,448817956,4/22/2016,4062,47.45,31.79,192741.9,129130.98,63610.92
Australia and Oceania,Fiji,Clothes,Offline,M,11/6/2012,407681453,12/24/2012,856,109.28,35.84,93543.68,30679.04,62864.64
Australia and Oceania,Palau,Household,Offline,L,11/1/2016,884216010,11/2/2016,8021,668.27,502.54,5360193.67,4030873.34,1329320.33
Australia and Oceania,Fiji,Cereal,Online,L,3/10/2017,903278148,4/3/2017,8932,205.7,117.11,1837312.4,1046026.52,791285.88
Australia and Oceania,Samoa ,Baby Food,Online,L,11/5/2016,584072101,11/5/2016,8769,255.28,159.42,2238550.32,1397953.98,840596.34
